3202 5296
658 440 695 506 17

571 535 772 544 .---

165 652 291 716 Deinde
314 654 401 736 quod
424 652 520 735 paulo
544 653 682 732 gravius,
706 671 763 733 pro
784 650 861 712 talis
875 648 1054 732 Anonymo
1076 649 1278 713 familiarissi-

62 786 136 828 mus
170 774 218 827 est
253 764 418 847 genetivus
447 761 632 823 liuiusmadi
651 759 735 843 (109,
751 778 774 822 1.
801 762 993 842 117,14,16.
1020 777 1088 837 121,
1106 760 1151 836 16,
1168 763 1212 836 18,
1227 777 1277 821 21.

65 892 134 955 123,
149 889 178 955 5,
192 876 220 937 8.
240 888 308 954 125,
324 890 360 966 12
379 873 551 954 multisque
563 871 632 934 aliis
644 872 734 950 locis;
752 873 826 954 quin
839 873 935 934 etiam
948 868 1161 954 praedicative
1176 871 1279 953 prola·

61 998 130 1049 tus:
156 1002 224 1060 120,
246 1003 275 1064 9.
302 984 370 1064 136,
395 999 441 1045 10.
469 985 536 1061 148,
559 986 603 1062 3).
627 982 755 1045 Etenim
772 983 820 1044 hic
835 1002 924 1058 usus,
948 982 1022 1044 11111
1039 981 1181 1045 Ciceroni
1198 982 1279 1045 aliis-

62 1116 126 1179 que
147 1117 212 1159 000
233 1097 362 1177 ignotus
386 1095 437 1168 sit,
452 1114 549 1176 quam
579 1093 720 1155 maxime
737 1089 809 1156 inde
830 1093 870 1155 ab
889 1092 1007 1176 Apulei
1030 1094 1228 1175 temporibus
1249 1094 1279 1154 in

63 1206 177 1270 Africa
192 1207 364 1269 increbruit
380 1206 423 1268 ita
435 1215 470 1266 ut
484 1241 524 1251 -
544 1203 595 1267 vel
608 1205 727 1266 omisso
744 1204 944 1266 substantivo
955 1240 998 1248 —
1012 1202 1196 1266 huiusmodi
1205 1223 1279 1265 cum
1385 1240 1393 1259 .

61 1317 353 1401 praepositionibus
369 1317 619 1398 coniungeretur,
635 1315 767 1377 velutin
779 1314 885 1377 liuius·
898 1312 962 1399 (vel
974 1315 1042 1376 eius
1053 1321 1107 1389 —)
1119 1314 1212 1389 arodi,
1229 1314 1280 1386 ab,

13 1422 15 1427 ’
54 1440 120 1509 pra
136 1427 291 1490 eiusmodi
304 1428 328 1506 1)
346 1428 435 1490 simil.
459 1427 531 1502 Sed,
546 1445 618 1489 curn
636 1427 682 1488 his
698 1426 984 1508 praepositionibus
1001 1424 1194 1487 vocabulum
1211 1444 1280 1506 sup-

62 1537 217 1622 plendum
232 1557 302 1600 esse
317 1548 391 1619 post
401 1536 584 1599 huiusmodi
593 1534 747 1599 indicetur
757 1537 1055 1611 saltem,·inauditus
1067 1534 1191 1598 videtur
1202 1571 1237 1580 -
1250 1545 1280 1597 et

63 1649 185 1712 Maiero
209 1648 250 1732 (p.
277 1651 327 1730 20)
352 1648 413 1709 hoc
437 1644 585 1709 indicium
602 1667 674 1710 esse
689 1649 802 1710 aetatis
818 1662 858 1710 ao
875 1657 995 1729 vegeta
1010 1646 1164 1710 latinitate
1180 1667 1280 1710 remo-

62 1761 207 1822 tissimae
230 1760 380 1821 statuenti
403 1777 529 1841 prorsus
552 1759 767 1821 assentior-
794 1759 884 1820 vocis
907 1757 1090 1820 huiusmodi
1115 1775 1199 1837 usus,
1227 1758 1281 1839 qui
1305 1816 1306 1819 ,

65 1880 155 1933 extat
177 1892 209 1952 p.
235 1885 302 1950 137,
317 1884 373 1933 20:
416 1879 535 1931 certum
557 1878 662 1931 autem
683 1869 727 1930 sit
749 1868 835 1931 uiliil
851 1868 986 1949 simplex
1000 1867 1183 1930 huiusmodi
1201 1866 1287 1930 nihil

62 2001 211 2044 securum
233 1978 319 2041 aiau
336 1979 504 2041 remissum
526 1981 688 2042 cautiuere.
729 1978 826 2042 Plane
849 1981 909 2041 hoc
932 1978 1003 2041 loco
1025 1980 1101 2041 abiit
1123 1980 1154 2039 in
1176 1980 1278 2041 adiec-

63 2092 123 2154 tivi
145 2101 292 2153 naturam
315 2090 506 2162 huiusmodi,
531 2091 618 2152 cuius
641 2109 715 2152 usus
739 2111 801 2154 non
825 2098 898 2153 ante
920 2090 1053 2153 alteram
1070 2101 1193 2171 partem
1216 2109 1281 2152 sae-

65 2202 128 2264 culi
150 2199 211 2264 lV¹
242 2201 372 2262 obviam
410 2210 486 2262 eunt
515 2201 665 2283 exempla
698 2202 784 2285 apud
810 2200 970 2282 Vulgatae
998 2199 1199 2283 Interpretes,
1228 2201 1282 2281 qui

64 2321 194 2373 vertunt
217 2310 316 2392 Epist.
340 2307 379 2372 ad
402 2310 497 2374 Rom.
527 2310 627 2387 16,18
650 2310 866 2374 huiuscemodi
884 2312 967 2373 euim
999 2309 1125 2374 Chresto
1146 2309 1281 2372 Domino

62 2431 169 2484 nostra
202 2443 261 2483 uon
293 2422 438 2483 seevz'uut
470 2432 501 2483 et
524 2419 564 2483 ad
587 2422 688 2486 Galat.
712 2422 769 2497 6,1
806 2443 861 2484 vas
893 2423 950 2505 qui
980 2421 1161 2503 spirituales
1199 2421 1281 2496 estis,

61 2531 248 2594 hierusmadi
267 2532 413 2594 instruite
435 2533 468 2593 iu
489 2533 603 2613 spim'tu
626 2529 811 2616 leuitatis.²)

166 2643 251 2705 Inter
266 2645 456 2725 pronomina
471 2640 634 2707 indefinita
646 2645 789 2725 quisque,
800 2654 834 2707 ut
848 2643 891 2720 fit,
906 2663 1072 2706 numerum
1089 2643 1281 2724 singularem

61 2754 196 2839 praebet
222 2754 290 2828 168,
312 2769 348 2834 25
374 2753 426 2832 (cl.
455 2755 522 2834 169,
547 2753 589 2837 8),
612 2774 781 2817 numerum
803 2754 971 2837 pluralem,
994 2750 1024 2815 id
1047 2751 1133 2835 quod
1157 2754 1280 2816 classici

60 2862 191 2947 quidem
216 2860 360 2926 auctores
384 2864 554 2946 reiciunt,³)
577 2867 714 2949 primum
738 2865 805 2927 sine
828 2862 984 2927 adiectivo
1003 2862 1088 2926 idem
1104 2863 1281 2947 significans

60 2987 162 3056 atque
183 2974 318 3057 singuli:
361 2994 391 3058 p.
420 2991 486 3046 120,
501 2991 551 3040 21.
579 2992 646 3054 131,
659 2975 689 3038 6.
716 2976 817 3055 132,8
842 2975 895 3051 (cl.
923 2991 1023 3054 132,9
1043 2974 1281 3058 singularum),·

62 3083 135 3148 dein
161 3105 232 3148 cum
258 3083 414 3148 adiectivo
437 3085 622 3168 copulatum
647 3087 694 3148 bis
721 3087 873 3168 reperitur
896 3086 992 3168 idque
1026 3105 1096 3148 cum
1127 3086 1280 3168 positivo:

64 3195 95 3279 1)
118 3212 237 3275 109,12
261 3195 403 3278 singulas
425 3216 560 3277 quasque
581 3195 731 3272 homiues,
755 3193 813 3259 sed
836 3198 963 3259 italam
987 3195 1138 3259 Horatius
1161 3197 1192 3258 in
1215 3206 1281 3258 arte

59 3308 193 3389 poetica
215 3323 272 3386 92:
316 3306 443 3388 singula
466 3328 615 3389 quaeque.
638 3344 679 3352 -
704 3307 734 3390 2)
762 3309 860 3388 148,7
884 3307 1006 3369 minuta
1028 3308 1111 3370 euim
1133 3326 1280 3388 quaeque.

61 3418 152 3480 Haec
176 3437 248 3480 cum
271 3418 408 3500 positivo
421 3420 488 3501 (qui
500 3415 631 3500 quidem
648 3438 712 3480 non
728 3428 764 3480 ut
779 3419 936 3501 egregius,
959 3418 1096 3480 eximius
1118 3417 1158 3483 al.
1172 3436 1280 3499 super·

59 3529 147 3591 lativi
158 3529 263 3590 vicem
275 3529 421 3606 sustinet)
442 3530 620 3590 coniunctio
636 3529 723 3610 apud
740 3527 930 3592 Sallustium
945 3529 1055 3591 histor.
1071 3543 1099 3607 3,
1111 3527 1161 3602 61,
1180 3545 1217 3608 19
1228 3527 1278 3603 D,

59 3639 135 3702 dein
158 3636 241 3721 apud
264 3639 411 3702 Taciturn
434 3639 539 3702 annal.
562 3656 668 3720 12,43,
691 3638 882 3703 Suetonium
906 3638 983 3704 Oth.
1006 3656 1036 3716 2,
1058 3638 1209 3703 lustinum
1229 3655 1280 3720 37,

62 3764 121 3831 3,5
148 3751 289 3825 occurrit,
313 3760 380 3811 tum
405 3769 482 3812 vero
504 3749 589 3813 Afris
611 3751 816 3813 usitatissima
838 3759 895 3813 est.
904 3749 934 3834 4)

164 3960 347 4044 Sequantur
369 3963 432 4024 iam
455 3959 682 4045 adiectiva,
705 3983 790 4045 quae
813 3964 844 4025 in
867 3963 975 4026 libello
997 3964 1181 4046 saepissime
1205 3963 1278 4026 sub-

59 4074 272 4137 stantivorum
306 4073 377 4135 vice
407 4072 587 4158 iunguntur.
642 4075 755 4156 Itaque
787 4093 923 4136 numero
951 4073 1062 4157 plurali
1085 4073 1277 4139 induuntur:

61 4201 131 4266 131,
145 4200 183 4264 23
207 4183 310 4246 animi
338 4184 470 4261 incerta,
503 4197 570 4264 115,
584 4201 623 4265 23
657 4205 737 4248 caua
770 4184 927 4268 quaedam
959 4194 1111 4267 tanquam
1143 4184 1278 4261 defossa,

164 4422 343 4488 ι)51111,Α11.
364 4439 391 4488 p.
411 4436 465 4487 131.

162 4507 183 4572 1)
202 4508 309 4573 Kaulen,
328 4508 431 4562 Handb.
449 4525 490 4557 zur
507 4509 622 4572 Vulgata,
642 4508 724 4558 Mainz
743 4507 808 4571 1870
824 4525 849 4574 p.
869 4518 926 4573 255.

162 4594 183 4656 ³)
202 4594 232 4645 cf.
251 4595 362 4659 Draeger
379 4595 392 4642 1
410 4594 450 4658 85.

160 4679 182 4742 ⁴)
201 4679 313 4732 Woelffl.
336 4679 425 4745 Comp,
443 4678 485 4733 80.
503 4679 544 4729 81.
579 4679 697 4738 Pauclrer,
720 4680 840 4737 Zeitschr,
862 4679 901 4730 tur
919 4680 989 4734 Oest.
1011 4679 1106 4746 Gymn.
1132 4680 1210 4745 1881,
1234 4683 1275 4729 De

56 4764 181 4814 latinitate
200 4764 311 4830 scriptor.
331 4764 452 4832 quorund.
471 4779 535 4816 saec.
554 4765 590 4814 IV
607 4771 632 4814 et
649 4765 682 4818 V.
699 4781 725 4830 p.
742 4766 802 4827 483.

1072 4869 1087 4923 2
