3202 5296
666 385 703 444 21

580 471 781 482 *—

69 585 277 651 Bormannus
299 586 347 648 vir
369 582 570 650 doctissimus
594 607 724 649 mecum
746 589 995 652 communicavit
1015 610 1072 673 pro
1088 589 1162 653 ficto
1178 611 1290 674 agnos-

68 699 211 762 cendum
234 717 314 761 esse.
366 696 414 760 ef.
437 696 621 761 Wilmanns
645 698 796 780 exempla
822 702 911 779 1038.
935 699 1008 764 c.1.
1031 701 1066 767 L.
1083 701 1138 779 Χ1,
1155 719 1183 777 2,
1202 701 1289 783 512*.

69 807 156 892 Quid
181 809 243 873 ita?
265 809 336 872 talis
354 808 565 872 soloecismus
586 810 640 891 qui
657 811 686 871 in
703 792 993 893 physiognomonia
1008 813 1054 874 bis
1070 823 1167 887 extat,
1183 834 1292 876 nonne

69 921 123 984 vel
147 921 235 984 solus
257 921 390 1002 Sauppii
413 916 453 982 de
476 928 581 982 aetate
604 920 697 982 libelli
721 921 914 983 sententiam
937 920 1095 985 infirmat?

172 1031 321 1094 Transeo
351 1027 391 1092 ad
420 1033 511 1092 usum
543 1030 781 1112 praepositionis
812 1032 859 1106 iu,
890 1040 988 1115 atque
1018 1041 1129 1095 notatu
1159 1032 1289 1116 dignum

67 1141 196 1207 videtur
211 1141 353 1206 adhiberi
369 1162 442 1203 earn
459 1142 661 1203 coniunctam
681 1160 751 1203 curn
769 1142 873 1204 verbis
881 1143 1083 1222 praevalere,
1099 1144 1292 1225 praecellere

72 1269 208 1328 120,11.
242 1253 309 1331 164,
321 1267 360 1313 22
378 1252 570 1332 praevalere
592 1252 624 1314 in
646 1252 790 1314 acumine
810 1253 938 1334 ingenii,
955 1255 987 1315 iu
1000 1254 1160 1330 omuibus;
1191 1271 1289 1336 142,7

63 1363 260 1446 praecellere
280 1363 313 1424 in
335 1363 423 1424 amni
434 1362 681 1443 paetevirtutis,
705 1361 745 1423 cl.
765 1377 831 1442 157,
852 1380 883 1425 11
903 1363 966 1426 abl.
982 1364 1082 1446 simpl.
1119 1359 1290 1444 Quae-duo

69 1476 172 1538 verba
196 1471 281 1557 apud
303 1475 443 1556 optimos
466 1483 613 1535 auctores
637 1493 764 1555 semper
792 1493 915 1535 merum
939 1474 1114 1537 ablativum
1137 1476 1289 1556 flagitant,¹

68 1585 197 1648 etiamsi
212 1584 368 1646 similibus
384 1583 563 1646 excellendi
576 1584 683 1645 verbis
696 1585 889 1667 praepositio
904 1586 1061 1647 interdum
1075 1585 1290 1670 adiungitur.¹)

70 1696 183 1778 Atque
206 1695 317 1778 prioris
334 1703 509 1757 structurae
526 1693 656 1766 nullum,
675 1694 858 1776 posterioris
873 1714 974 1756 unum
990 1697 1090 1777 reperi
1106 1696 1289 1780 exemplum

69 1804 167 1890 idque
197 1805 263 1868 lere
293 1821 357 1884 400
382 1824 414 1889 p.
438 1802 473 1866 C.
501 1801 587 1886 apud
609 1803 826 1885 Augustinum
858 1805 900 1867 de
930 1807 989 1868 eiu.
1020 1803 1070 1869 dei
1099 1807 1128 1878 8,
1159 1808 1233 1885 4z'u
1255 1829 1289 1869 eo
1355 1878 1358 1883 ,

60 1915 240 1999 praecellet.
524 1896 525 1899 Ἴ

173 2025 411 2109 Praepositione
432 2026 490 2087 sub
523 2040 590 2105 129,
613 2041 652 2086 22
685 2017 900 2088 sub'diversis
932 2026 1065 2089 ruatibus
1090 2027 1290 2107 pupillarum

59 2138 243 2221 palpebras
270 2136 462 2217 caieiungunt
489 2134 566 2197 nihil
593 2133 785 2217 significatur
821 2137 880 2197 nisi
916 2156 981 2218 quo
1016 2147 1163 2219 ternpore
1186 2136 1288 2221 palpe-

67 2250 147 2312 brae
183 2249 434 2328 coniungantur,
460 2243 576 2310 eodem
606 2246 740 2329 pupillas
770 2249 901 2309 moveri.
957 2246 990 2310 ln
1021 2248 1143 2310 Graeco
1174 2246 1288 2311 Adam.

68 2380 97 2444 p.
116 2359 181 2440 366
196 2367 322 2422 tanturn
338 2367 427 2420 extat
443 2363 472 2425 ol
488 2357 704 2434 ἰλλώπτοντες
726 2377 772 2419 sc.
795 2355 973 2441 ὀφθαλμοί.
1012 2356 1135 2420 Similia
1151 2379 1222 2420 esse
1245 2360 1288 2420 vi-

69 2468 185 2534 dentur
215 2468 298 2532 Celsi
323 2481 350 2546 5,
367 2469 419 2543 26,
436 2485 471 2549 31
494 2467 692 2548 plurimique
720 2467 777 2528 sub
797 2467 930 2549 frigido
957 2467 1072 2530 sudare
1101 2469 1289 2545 moriuntur,

70 2591 98 2645 et
121 2581 204 2644 Plin.
220 2577 259 2643 N.
275 2578 315 2642 H.
331 2577 401 2655 VII,
422 2594 468 2653 12,
487 2591 525 2658 52
555 2578 708 2639 memoria
737 2576 930 2659 haustaeque
958 2579 1115 2660 imagines
1142 2580 1199 2642 sub
1224 2580 1289 2661 ipso

67 2701 220 2774 conceptu.

170 2800 344 2884 Reliquum
375 2808 440 2875 est,
469 2809 504 2861 ut
533 2800 575 2862 de
604 2800 841 2881 praepositione
871 2821 900 2872 a,
930 2799 971 2861 ab
1001 2798 1174 2877 disseram,
1206 2821 1288 2884 quae

67 2916 208 2998 primum
220 2913 267 2975 bis
280 2912 447 2987 invenitur„
462 2911 514 2972 ubi
526 2909 701 2973 ablativum
715 2911 914 2972 instrumenti
930 2921 1153 2994 expectamus:
1170 2927 1236 2992 137,
1253 2929 1288 2994 17

67 3046 88 3086 a
110 3023 353 3106 cogitationibus
373 3030 554 3102 occupatum
576 3021 719 3083 animum
743 3020 793 3102 (cl.
820 3022 886 3096 128,
898 3040 928 3098 4.
955 3023 1074 3100 148,17
1099 3020 1215 3084 Adam.
1230 3036 1287 3102 395

66 3135 211 3204 diruam
233 3136 269 3201 δὲ
291 3129 419 3200 iirt'iue
439 3143 495 3198 uui
517 3132 709 3223 φροντιστήν
722 3168 764 3176 -
781 3137 964 3216 σημαίνειν)
981 3142 1011 3193 et
1038 3133 1106 3212 156,
1129 3134 1168 3195 28
1190 3134 1222 3194 iu
1240 3155 1289 3195 ar-

67 3248 153 3310 mati
172 3267 195 3308 a
209 3245 326 3326 paucis
347 3242 507 3323 exemplis.
544 3241 719 3304 lncrebruit
742 3243 822 3304 haec
847 3245 1037 3305 constructio
1059 3241 1146 3326 apud
1168 3241 1291 3305 solutae

67 3358 222 3421 orationis
246 3356 416 3436 scriptores
442 3354 516 3415 inde
539 3371 558 3414 a
580 3353 675 3414 tertio
703 3353 842 3429 saeculo,
855 3355 882 3426 2)
911 3373 1015 3437 neque
1043 3363 1151 3416 tamen
1181 3355 1291 3435 ignota

69 3480 115 3532 est
136 3467 305 3552 prioribus.
350 3463 516 3546 Exemplis
539 3482 559 3524 a
581 3463 744 3546 Draegero
768 3465 781 3526 l
807 3477 974 3545 507-509
997 3463 1119 3527 collatis
1143 3460 1227 3525 addo
1250 3483 1289 3524 ex

70 3579 223 3642 Frontino
255 3575 393 3658 Strateg.
423 3572 450 3637 Il
471 3592 542 3654 4‚9
571 3575 762 3635 consternati
788 3595 809 3636 a
839 3574 1008 3637 mendacia.
1065 3571 1132 3636 Sed
1165 3575 1224 3635 hoc
1258 3575 1289 3634 in

68 3688 242 3774 propatulo
269 3696 318 3750 est
352 3705 457 3749 errare
485 3682 654 3759 Maierum,
683 3685 735 3767 qui
764 3684 853 3746 locos
883 3684 952 3746 illos
980 3689 1063 3765 (137,
1081 3699 1126 3763 17.
1154 3683 1221 3763 156,
1236 3680 1289 3763 28)

67 3802 256 3882 scriptorem
278 3795 354 3860 dicit
377 3815 513 3878 arguere
536 3794 653 3858 saeculi
679 3794 721 3856 lV
743 3794 794 3856 vel
817 3795 857 3858 V.

172 3910 308 3973 Gravius
331 3917 390 3984 est,
414 3905 500 3990 quod
522 3906 716 3990 praepositio
739 3927 769 3983 a,
788 3907 830 3968 ab
853 3905 1008 3981 ablativis,
1031 3905 1084 3986 qui
1107 3924 1178 3966 curn
1204 3923 1288 3965 com-

65 4021 219 4106 parativis
243 4017 383 4103 copulati
405 4026 488 4095 sunt,
512 4013 692 4098 adiungitur
714 4017 898 4099 quinquies:
935 4017 1031 4091 108‚1
1053 4014 1170 4095 planta
1199 4034 1220 4074 a
1243 4035 1289 4074 re·

65 4133 150 4215 liquo
178 4129 313 4213 uestigia
342 4127 474 4208 curtium
518 4139 623 4206 114,5
656 4125 741 4189 le'uea
769 4149 789 4188 a
818 4127 935 4191 ceraue
964 4125 1109 4206 superior
1116 4146 1127 4200 ;
1159 4139 1227 4204 107,
1253 4140 1288 4185 12

169 4350 191 4416 ¹)
208 4349 242 4400 cf.
261 4349 342 4399 Maier
357 4366 383 4415 p.
404 4350 443 4401 16.

168 4452 195 4518 ²)
213 4452 311 4514 Gargil.
329 4453 400 4502 Mart.
425 4468 451 4516 p.
477 4464 573 4514 134,11
599 4451 668 4518 (Ro.)
692 4467 707 4497 a
729 4449 799 4497 nulla
821 4449 872 4497 alia
893 4464 917 4497 re
935 4475 968 4486 -
980 4448 1098 4511 poliatur,
1122 4447 1239 4511 Cyprian.
1264 4463 1288 4510 p.

63 4542 167 4604 762‚21
197 4535 269 4603 (Ha.)
302 4537 333 4584 ab
354 4552 420 4601 aqua
437 4536 541 4598 perjuri.
579 4534 753 4585 Commodian.
777 4542 846 4597 poet.
867 4546 888 4591 1,
907 4543 947 4596 35,
959 4542 972 4595 5
994 4533 1054 4580 exul
1065 4533 1152 4595 sactus
1175 4549 1190 4579 a
1209 4531 1286 4588 verbo,

60 4641 85 4688 2,
105 4639 186 4687 2,14.
223 4636 250 4682 2,
269 4635 293 4681 4,
304 4620 330 4674 8.
348 4621 444 4670 Amob.
464 4631 487 4682 7,
498 4634 540 4688 40.
554 4620 683 4674 Claudian.
702 4620 778 4672 Mam.
797 4635 821 4688 p.
835 4629 876 4680 72,
891 4618 919 4666 18
933 4617 1079 4684 (Engelbr.)
1092 4633 1167 4682 saep„
1188 4616 1286 4664 Ennod.

59 4730 88 4783 P·
108 4718 200 4783 37425
220 4703 299 4773 (ua.)
317 4715 374 4767 479,
389 4717 410 4758 r,
428 4731 461 4747 .-
