3226 5310
895 424 935 481 30

303 648 352 690 res
384 628 549 709 proposita
579 628 648 708 ipsa
675 626 803 709 flagitat,
827 663 868 672 -
891 623 1062 690 afferantur
1089 647 1173 690 nunc
1204 627 1404 692 infinitivi
1439 650 1528 713 pro·

303 739 513 821 prietates

679 848 721 910 A.
754 847 805 910 De
827 847 982 910 infinitivo
1005 847 1149 929 simplici.

406 967 544 1030 Primum
569 963 644 1028 illud
665 987 793 1029 crassae
814 987 908 1028 nares
935 965 1135 1027 immundum
1157 966 1315 1030 hominem
1338 967 1419 1030 dant
1439 968 1530 1030 intel·

304 1080 366 1161 lagi
390 1095 456 1158 134,
474 1079 509 1140 18
535 1075 740 1156 (Adam400
760 1090 899 1165 μιαρίαν
921 1074 1026 1162 ἤθους
1047 1082 1229 1166 κατηγορεῖ)
1253 1099 1366 1140 vereor
1387 1100 1430 1142 ne
1453 1099 1525 1142 non

304 1201 391 1253 recte
421 1189 558 1252 Maierus
582 1192 626 1270 (p.
655 1184 702 1271 18)
725 1208 782 1270 pro
809 1186 964 1251 infinitivo
1000 1187 1156 1265 „consilii‘⁴
1178 1186 1200 1269 ¹)
1226 1189 1451 1272 interpretatus
1476 1189 1529 1252 sit.

305 1301 382 1362 Mihi
406 1299 539 1382 quidem
562 1299 665 1380 potius
694 1299 896 1360 accusativus
920 1317 992 1359 cum
1016 1296 1172 1361 infinitivo
1196 1320 1269 1362 esse
1301 1298 1435 1380 videtur,
1472 1301 1530 1383 qui

304 1409 443 1494 pendeat
466 1430 485 1471 a
506 1409 608 1495 verbo
630 1408 709 1470 dare
731 1411 749 1472 i.
773 1429 801 1491 q.
817 1408 1009 1488 facultatem
1032 1408 1130 1482 dare,
1153 1411 1284 1492 efficere.
1329 1411 1415 1473 Nam
1445 1411 1530 1473 talia

306 1521 465 1585 efficiendi
489 1522 590 1583 verba
617 1520 769 1602 imprimis
792 1539 881 1582 serae
906 1519 1066 1582 latinitatis
1092 1521 1292 1603 temporibus
1315 1522 1360 1584 ita
1381 1518 1530 1583 adhiberi

306 1632 488 1714 Draegerus
502 1633 531 1693 in
547 1631 674 1711 syntaxi
698 1630 735 1704 ΙΙ,
754 1646 812 1710 393
829 1649 875 1711 sq.
898 1628 1012 1692 docuit.
1051 1630 1196 1694 Verbum
1212 1631 1292 1693 dare
1314 1631 1374 1693 illic
1396 1628 1530 1713 quidem

306 1744 468 1818 omittitur,
499 1739 553 1803 sed
586 1738 723 1802 addatur
745 1760 785 1802 ex
811 1740 975 1803 Ammiani
999 1741 1176 1804 Marcellini
1188 1741 1224 1818 2),
1254 1740 1373 1804 Sidonii
1396 1740 1528 1824 Apolli·

306 1856 401 1928 naris,
432 1862 541 1914 nostro
565 1851 647 1914 loco.
700 1850 766 1912 lam
791 1849 876 1932 quod
903 1849 976 1913 dicit
1016 1852 1151 1916 Maierus
1186 1852 1374 1915 infinitivum
1404 1853 1531 1934 passivi

307 1965 438 2027 inueniri
473 2012 489 2042 ‚,
501 1963 658 2025 rarissime
668 1964 695 2037 “,
730 1971 812 2024 errat
833 1961 994 2043 prolecto,
1024 1983 1099 2025 nam
1131 1963 1314 2044 frequenter
1336 1963 1530 2026 infinitivum

307 2073 454 2137 amedio
485 2094 569 2136 saec.
594 2072 635 2135 lll
662 2092 830 2134 occurrere
862 2073 1010 2155 exempla
1036 2072 1225 2139 ostendunt:
1261 2074 1358 2155 Garg.
1380 2073 1473 2136 Mart.
1497 2093 1529 2157 p.

311 2200 413 2266 159,7
438 2184 537 2268 (Ro.);
567 2183 633 2246 lub.
664 2193 753 2246 metr.
795 2202 844 2265 ap.
877 2181 980 2245 Rufin.
1010 2203 1040 2266 p.
1067 2184 1142 2264 562,
1177 2199 1231 2264 17,
1261 2205 1312 2267 ap.
1336 2184 1415 2247 Mar.
1439 2185 1531 2250 Vict.

307 2317 337 2380 p.
360 2314 410 2377 49,
443 2311 490 2375 32.
525 2311 576 2375 97,
605 2310 649 2373 13.
679 2308 746 2374 105,
782 2309 820 2373 33
835 2293 871 2369 ³).
906 2292 1049 2357 Chalcid.
1072 2294 1156 2357 Tim.
1186 2315 1217 2378 p.
1242 2311 1291 2370 22,
1319 2310 1355 2375 17
1387 2293 1531 2378 (Wro.);

307 2406 407 2471 Lucil.
431 2405 498 2469 Cal.
522 2425 551 2488 p.
581 2405 631 2485 67,
647 2421 696 2466 22.
733 2406 864 2484 158,12.
897 2418 999 2485 215,7
1030 2406 1070 2467 al.
1088 2405 1196 2488 (Ha.);
1232 2403 1395 2469 Claudian.
1426 2405 1531 2470 Mam.

309 2538 339 2601 p.
371 2531 418 2598 57,
442 2516 472 2580 6.
502 2516 553 2592 62,
581 2533 606 2578 1.
635 2516 684 2594 65,
712 2531 750 2577 10
773 2515 965 2598 (Engelbr.)
1010 2517 1215 2599 Quamquam
1246 2526 1317 2599 post
1340 2517 1532 2579 activum

310 2628 397 2689 verbi
426 2627 506 2690 dare
536 2626 632 2688 talem
665 2623 851 2687 infinitivum
883 2627 1001 2707 passivi
1031 2637 1153 2689 tantum
1186 2628 1288 2710 reperi
1323 2623 1407 2709 apud
1437 2623 1535 2690 Sido·

310 2740 396 2801 nium
427 2736 645 2821 Apollinarem
668 2756 699 2817 p.
725 2736 794 2815 308,
810 2736 850 2797 26
872 2735 1057 2819 (Luetjoh.).

411 2848 575 2912 Audacius
599 2844 671 2909 dein
694 2869 725 2929 p.
753 2862 854 2925 132,2
878 2846 1010 2909 dubiam
1032 2868 1092 2909 nan
1107 2868 1174 2909 esse
1193 2867 1265 2910 cum
1283 2846 1437 2911 infinitivo
1453 2866 1533 2912 con·

310 2959 465 3041 iungitur:
489 2979 541 3020 nec
563 2957 693 3019 dubiam
716 2958 779 3018 erit
799 2958 1013 3037 pronuntiare
1034 2957 1073 3018 a'e
1094 2979 1128 3020 ea
1151 2992 1191 3004 -
1213 2958 1369 3021 crudelem
1390 2980 1457 3022 esse
1480 2966 1534 3036 (es

312 3068 387 3131 wird
401 3070 485 3130 nicht
498 3068 693 3131 bedenklich
709 3070 775 3131 sein
789 3088 829 3131 zu
840 3067 959 3150 sagen).
984 3068 1026 3131 Et
1042 3088 1114 3130 cum
1130 3071 1180 3131 hic
1196 3066 1280 3132 idem
1294 3067 1358 3130 fere
1373 3069 1536 3152 significet

312 3203 349 3245 ac
373 3202 432 3243 nan
461 3178 610 3242 dubitare
642 3201 667 3242 c.
699 3179 752 3244 inl.
788 3181 840 3255 (cl.
875 3180 941 3259 169,
956 3195 984 3254 2,
996 3188 1040 3257 4),
1071 3181 1271 3263 perspicuum
1295 3189 1343 3242 est
1365 3200 1407 3243 ex
1434 3181 1529 3245 huius

312 3294 397 3355 verbi
421 3290 625 3354 similitudine
655 3291 749 3352 etiam
778 3300 920 3351 nostrum
948 3292 979 3352 in
1009 3291 1114 3352 locum
1137 3289 1324 3353 infinitivum
1356 3292 1534 3373 irrepsisse.

316 3402 363 3466 lta
386 3411 576 3475 constructa,
600 3399 655 3463 sed
679 3401 740 3462 alia
762 3403 793 3462 vi
816 3399 958 3483 praedita
980 3401 1213 3482 (zweilelhast)
1239 3403 1319 3464 haec
1348 3400 1466 3464 locutio
1490 3402 1536 3466 Vi

311 3515 427 3579 saeculi
449 3523 539 3595 parte
554 3512 729 3594 posteriore
746 3510 845 3573 semel
861 3511 975 3594 legitur
991 3513 1077 3595 apud
1102 3509 1313 3574 Claudianum
1331 3510 1530 3576 Mamertum

311 3649 340 3712 p.
363 3626 476 3708 6411,
501 3624 552 3685 ubi
576 3633 680 3687 extat:
705 3622 836 3684 dubium
858 3643 919 3683 nan
941 3623 1005 3684 erit
1022 3642 1089 3683 esse
1110 3620 1269 3704 carpus4).

637 3750 672 3814 B.
709 3745 929 3811 Nominativus
953 3746 1025 3811 cum
1048 3747 1202 3811 infinitivo

312 3867 342 3928 in
381 3863 488 3927 libello
522 3863 569 3924 his
604 3862 709 3923 verbis
743 3858 934 3942 adiungitur:
971 3858 1001 3941 1)
1022 3860 1192 3923 aestimari
1219 3875 1287 3936 111,
1311 3861 1339 3922 8.
1372 3874 1448 3940 125,
1481 3877 1538 3939 123

313 3975 346 4058 2)
368 3974 456 4037 credi
480 3990 547 4053 149,
560 3972 596 4053 63
622 3979 652 4050 3)
675 3970 838 4032 declarari
863 3984 927 4048 145,
944 3985 998 4050 103
1020 3969 1054 4052 4)
1074 3969 1138 4032 dici
1161 3970 1276 4049 129,6;
1303 3973 1334 4049 5)
1349 3969 1541 4036 existimari

316 4102 383 4165 124,
398 4102 433 4167 3;
456 4083 489 4168 6)
505 4083 682 4146 memorari
697 4097 766 4162 117,
784 4097 840 4163 123
864 4087 897 4161 7)
913 4081 1092 4145 rizanstrarz'
1109 4097 1176 4161 110,
1190 4097 1224 4162 23
1248 4081 1281 4156 8)
1296 4080 1381 4143 nosci
1398 4096 1465 4160 129,
1486 4099 1535 4145 11.

415 4236 436 4301 ¹)
456 4238 500 4286 Dr.
518 4236 604 4299 11349
623 4252 660 4300 sq·

414 4321 436 4383 ¹)
455 4321 488 4374 cf.
508 4321 671 4370 Hassenstein
689 4337 715 4386 p.
734 4333 775 4383 49.

414 4406 436 4471 8)
455 4405 487 4456 cf.
508 4406 602 4467 Hense,
623 4408 678 4456 Act.
698 4422 748 4459 soc.
767 4405 854 4469 philol.
872 4405 940 4469 Lips.
959 4404 995 4452 IV
1013 4420 1040 4470 p.
1061 4417 1116 4465 114.

414 4491 436 4558 ⁴)
455 4492 530 4555 Quod
554 4492 586 4539 ad
605 4492 663 4555 pati
683 4492 791 4540 Maierus
814 4507 841 4556 p.
863 4500 891 4552 17
918 4489 1002 4544 affert:
1020 4491 1078 4552 pati
1093 4505 1113 4543 c.
1138 4489 1184 4552 inf.
1207 4489 1285 4552 simpl.
1307 4500 1390 4549 111,1
1411 4488 1537 4538 rarissime

314 4578 404 4628 nullius
421 4577 540 4626 momenti
558 4585 606 4642 est3
625 4593 733 4641 namque
752 4577 831 4626 elucet
849 4576 898 4624 illic
923 4591 976 4623 non
994 4574 1144 4623 infinitivum
1162 4573 1272 4640 pendere
1298 4589 1312 4622 e
1330 4574 1414 4630 verbo,
1432 4573 1488 4630 sed,
1508 4582 1537 4623 ut

315 4661 348 4722 fis,
369 4678 421 4715 acc.
439 4677 460 4715 c.
479 4661 532 4721 inl,
556 4661 648 4711 omisso
670 4669 767 4726 tamen,
793 4668 820 4709 ut
846 4675 920 4724 saepe
947 4660 1001 4708 aliis
1019 4660 1080 4709 locis
1103 4659 1135 4710 cl.
1157 4657 1211 4722 128,
1225 4671 1263 4719 14,
1289 4670 1394 4722 13319.
1423 4665 1534 4722 135,13.

318 4757 373 4813 153,
386 4757 424 4813 15,
434 4759 462 4796 21
482 4747 523 4808 at,
543 4746 662 4809 subiecto,
684 4746 753 4813 quod
768 4762 798 4797 ex
814 4745 883 4796 haum
900 4744 1072 4795 antecedentis
1090 4743 1209 4794 enuntiati
1227 4743 1393 4810 supplendum
1410 4750 1457 4795 est.
