3226 5310
892 321 934 378 48

809 406 1010 415 ---—-

301 539 393 609 saepe
425 536 457 589 et
481 527 672 607 frequenter
708 521 879 598 intercedit,
918 523 956 583 sit
983 538 1054 601 1:3,
1096 519 1181 601 apud
1206 517 1350 582 Cassium
1375 517 1514 580 Felicem

300 637 353 718 (V.
379 633 454 720 sec.)
477 637 540 699 lere
566 651 656 709 1:12,
687 635 717 695 in
748 633 884 698 Oribasii
913 633 1060 695 versione
1095 629 1163 713 (Vl.
1195 634 1273 704 sec.)
1303 630 1428 710 saepius
1458 630 1516 704 bis,

293 750 483 829 frequenter
504 745 568 828 91⁹⁸,
590 757 682 826 saepe
704 765 860 827 nusquam
885 753 973 807 extet
990 742 1021 827 ¹).

403 857 480 920 Item
503 877 662 919 rarescere
683 867 781 937 supra
803 855 939 930 modam,
972 855 1073 936 magis
1101 853 1226 935 placere
1254 853 1392 933 sequiori
1421 853 1519 913 aetati
1554 845 1557 850 ’
1592 878 1597 887 ·

300 971 387 1052 quod
428 970 459 1029 in
501 966 612 1049 lingua
630 991 632 995 ¹
651 966 755 1030 italica
795 968 946 1029 remansit
982 966 1067 1027 altra
1097 963 1224 1025 madum
1265 963 1366 1045 (altre
1396 960 1518 1045 made),
1555 1009 1562 1022 .

301 1081 495 1142 Ammianus
526 1076 728 1140 Marcellinus
759 1075 812 1140 lVi
834 1097 913 1139 saec.
944 1085 1035 1159 parte
1064 1075 1165 1137 altera
1195 1076 1314 1157 primus
1346 1075 1432 1136 testis
1462 1082 1519 1154 est,

300 1210 395 1272 quem
420 1192 451 1252 in
475 1187 594 1253 deliciis
616 1191 763 1252 habuisse
786 1188 870 1250 altra
892 1186 1020 1248 modam
1036 1185 1236 1295 qusfltnus
1260 1183 1367 1246 docuit
1391 1184 1421 1244 in
1438 1183 1519 1248 Mus

301 1299 403 1362 Rben.
428 1297 588 1362 XXXVII
610 1322 641 1382 p.
669 1300 774 1381 1112).

401 1410 502 1492 Atqui
517 1410 826 1493 physiognomoniae
843 1419 954 1472 auctor
976 1409 1074 1470 tribus
1095 1406 1180 1482 locis,
1204 1386 1318 1487 quibu's
1342 1402 1381 1467 de
1398 1404 1520 1466 morbis

301 1521 386 1598 dicit,
403 1521 603 1601 z'ralrazitates
624 1541 662 1582 ac
686 1521 767 1583 vitea
795 1535 892 1600 109,3
917 1519 968 1580 vel
980 1517 1197 1600 aegritudines
1224 1534 1352 1594 111,14.
1387 1530 1454 1595 151,
1472 1531 1520 1592 12,

300 1652 415 1693 vocem
439 1632 567 1694 morbus
589 1651 653 1692 non
676 1631 815 1714 praebet.
892 1653 894 1657 ⁴

402 1742 621 1804 Vernaculum
638 1740 746 1824 haufig
761 1740 833 1802 11108
850 1761 931 1803 voce
938 1741 1357 1821 frequenterinterpretatur
1368 1737 1453 1817 (128,
1473 1752 1521 1798 12.

304 1868 372 1933 129,
386 1853 412 1914 8.
430 1868 498 1931 131,
516 1869 560 1933 ¹7-
590 1869 656 1932 132,
673 1869 720 1932 ¹3·
748 1852 814 1932 136,
827 1867 876 1914 20.
904 1866 970 1931 159,
985 1867 1012 1913 2.
1040 1850 1106 1929 164,
1126 1866 1171 1929 13,
1191 1851 1236 1912 18.
1258 1849 1326 1929 169,
1344 1851 1402 1930 ιο),
1419 1848 1522 1911 semel

290 1964 551 2044 frequentissime
578 1964 712 2046 161,22;
735 1984 851 2025 vocem
880 1972 973 2042 saepe
1004 1961 1050 2021 bis
1077 1976 1209 2039 159,11.
1238 1960 1368 2037 164,11,
1392 1961 1525 2040 saepius

301 2075 348 2134 bis
377 2086 442 2152 159,
457 2090 484 2153 3,
504 2090 539 2134 12
563 2074 703 2146 exhibet,
728 2082 762 2135 ut
784 2075 865 2135 ratio
890 2073 970 2134 inter
992 2083 1084 2153 saepe
1114 2081 1145 2132 et
1166 2072 1335 2153 freqeater
1357 2070 1440 2134 fiat1
1466 2089 1525 2152 :3.

406 2183 499 2246 Ultra
532 2183 658 2245 aradam
700 2184 838 2266 denique
876 2193 990 2266 quater
1030 2194 1180 2261 (112,20.
1218 2200 1349 2263 133,10.
1388 2199 1522 2263 139,10.

306 2295 372 2373 158,
387 2309 413 2356 2.
438 2291 487 2376 (cl.
509 2306 641 2373 115,15.
668 2297 815 2374 12511),
840 2305 939 2375 supra
961 2294 1088 2355 aradam
1110 2315 1174 2357 non
1201 2296 1262 2357 iam
1287 2294 1411 2377 profert.
1442 2355 1444 2359 ,

403 2402 497 2486 Quae
520 2405 544 2464 si
569 2405 649 2466 inter
671 2424 705 2466 se
728 2424 960 2486 comparamus,
985 2407 1091 2467 statim
1116 2405 1227 2487 patefit
1250 2405 1405 2468 veihane
1429 2405 1524 2467 Ano-

301 2516 388 2597 nymi
410 2517 581 2577 verborum
614 2516 833 2576 condicionem
865 2516 906 2577 ad
930 2518 1032 2598 ipsam
1060 2516 1177 2597 Vegeti
1200 2524 1230 2578 et
1254 2515 1418 2576 Ammiani
1441 2514 1524 2578 Mar-

301 2626 407 2687 cellini
430 2636 568 2689 aetatem
593 2627 712 2707 optime
734 2624 900 2707 quadrare.

404 2827 466 2892 Sed
498 2839 532 2892 ut
563 2829 659 2893 finem
690 2848 773 2891 nunc
805 2828 920 2891 laciam
955 2825 1153 2911 disputandi,
1183 2830 1332 2891 omnibus
1364 2831 1523 2891 sermonis
1604 2877 1607 2884 .

301 2942 471 3023 provinciis
493 2942 713 3024 pervestigatis
737 2938 943 3002 confirmatur
966 2941 1132 3013 sententia,
1155 2960 1252 3021 quam
1277 2963 1305 3022 p.
1324 2956 1361 3020 35
1387 2941 1522 3023 protuli:

301 3053 719 3136 physiognomoniam
754 3051 920 3115 latinam
960 3070 1037 3113 non
1079 3060 1171 3114 ante
1211 3061 1396 3132 quartum
1444 3071 1525 3115 sae

302 3162 437 3225 culum
470 3164 746 3245 compositam
781 3183 888 3239 esse,
917 3159 1047 3224 videri
1077 3170 1209 3224 autem
1244 3182 1328 3225 eam
1363 3164 1524 3228 saeculi

303 3271 390 3334 line
412 3292 488 3335 non
512 3293 603 3335 esse
625 3274 909 3336 vetustiorem.

405 3383 456 3445 Ex
472 3383 573 3448 altera
589 3405 666 3447 vero
682 3394 772 3469 parte
788 3362 960 3460 auctorem,
977 3386 1123 3466 quamvis
1140 3385 1303 3460 ,terminus
1320 3392 1393 3447 ante
1409 3386 1524 3467 quem‘

303 3491 421 3558 definiri
445 3493 574 3576 quidem
598 3516 662 3558 non
684 3497 793 3578 possit,
812 3505 896 3558 certe
912 3497 1084 3576 quominus
1101 3495 1296 3557 inferioribus
1320 3496 1523 3578 temporibus

304 3607 491 3682 tribuamus,
515 3606 617 3670 multa
639 3609 767 3670 obstare
789 3607 943 3669 videntur.
981 3603 1225 3688 Primumquod
1240 3605 1436 3670 Christianus
1454 3628 1524 3670 non

305 3717 378 3793 luit,
409 3737 608 3801 quamquam
642 3717 715 3780 huic
748 3719 791 3780 rei
813 3738 877 3779 non
902 3717 1038 3780 multum
1062 3717 1179 3791 tribu0,
1215 3727 1282 3780 tum
1314 3719 1522 3798 potissimum

305 3829 393 3910 quod
417 3849 524 3891 sermo
546 3829 614 3891 eius
631 3838 662 3890 et
688 3829 758 3890 -si
784 3848 856 3890 cum
874 3825 912 3891 Vi
938 3848 1019 3892 saec.
1042 3828 1262 3912 interpretibus
1275 3825 1387 3890 Cassio
1402 3827 1524 3907 Felice,

307 3938 416 4002 Caelio
447 3939 619 4002 Aureliano
650 3939 715 4002 aliis
738 3950 939 4020 comparatur
964 3975 1001 3985 —
1025 3941 1104 4003 satis
1127 3940 1252 4021 integer
1275 3948 1341 4025 est,
1376 3946 1408 4000 et
1431 3942 1524 4022 quod

306 4048 401 4113 valde
423 4060 471 4114 est
500 4062 659 4133 cognatus
687 4050 884 4133 Hieronymi,
914 4049 1074 4134 Vulgatae
1095 4053 1316 4133 Interpretum,
1351 4047 1522 4113 Ammiani

308 4158 490 4240 Marcellini,
514 4160 627 4224 Aureli
651 4159 784 4224 Victoris
807 4159 929 4224 dicendi
953 4162 1061 4244 generi
1074 4159 1107 4244 ³).

410 4383 429 4450 ¹)
446 4383 506 4437 ibid.
526 4400 551 4448 p,
569 4397 619 4444 410
636 4400 690 4450 sqq.

408 4468 431 4532 ⁹)
450 4471 524 4534 Apud
543 4473 624 4523 Amm,
643 4470 752 4519 Marcell.
770 4475 845 4532 srqtra
862 4468 957 4518 madreia
969 4471 1049 4518 :ultra
1067 4469 1163 4519 madum
1180 4489 1214 4516 =
1235 4483 1291 4530 124.

409 4552 430 4621 ³)
449 4555 523 4617 Quod
542 4557 647 4604 Maierus
665 4573 690 4620 p,
709 4569 740 4619 23
760 4556 948 4620 epitomatorem
963 4557 1102 4604 Romanum
1122 4555 1196 4604 luisse
1214 4555 1328 4613 affirmat,
1342 4555 1407 4604 haud
1426 4555 1478 4604 scio
1491 4571 1526 4606 au

309 4643 397 4692 rectius
415 4639 563 4689 iudicaturus
581 4641 663 4706 luerit,
680 4642 701 4689 si
719 4658 776 4690 eum
795 4642 1013 4697 ,non-Graecum‘
1037 4641 1109 4690 luisse
1128 4641 1263 4694 statuisset,
1304 4640 1370 4690 Nam
1398 4643 1528 4707 permulta
