3202 5296
598 921 1001 1027 Partitio

726 1147 876 1155 ——-—··—

184 1266 376 1331 Priorum
403 1266 641 1329 sententiae
664 1273 976 1346 percensentur:

292 1386 329 1449 A.
354 1386 515 1449 Valentini
537 1385 625 1446 Rosii
647 1403 676 1466 p.
700 1385 729 1446 8,

392 1505 414 1566 I.
439 1503 478 1567 de
502 1504 621 1566 indiciis
651 1503 845 1564 extrinsecus
876 1500 977 1562 allatis
1013 1519 1042 1582 p.
1066 1501 1094 1562 8.
1160 1499 1194 1564 ll.
1219 1479 1259 1561 de
1283 1500 1405 1563 indiciis

393 1605 427 1687 a)
449 1625 489 1667 ex
512 1626 546 1666 re
569 1627 599 1687 p.
623 1606 652 1683 8,
676 1602 708 1686 b)
725 1624 775 1664 ex
799 1623 948 1665 sermone
972 1605 1105 1684 sumptis
1128 1621 1158 1682 p.
1182 1621 1211 1682 9.

255 1804 261 1813 ¹
292 1729 327 1789 B.
351 1723 543 1788 Ferdinandi
566 1723 677 1822 Maieri
700 1744 730 1805 p.
753 1742 783 1804 9.

393 1845 434 1907 de
455 1841 573 1905 indiciis
596 1841 629 1924 a)
646 1862 687 1905 ex
707 1862 855 1905 sermone
871 1863 900 1925 p.
921 1859 966 1916 10,
984 1843 1019 1920 b)
1036 1864 1076 1906 ex
1096 1864 1129 1906 re
1147 1845 1282 1926 sumptis
1306 1864 1335 1927 p.
1358 1862 1404 1908 11.

183 1963 297 2046 Quid
319 1965 503 2046 equidem
527 1952 735 2024 delibelli
758 1971 897 2024 aetate
922 1962 1115 2045 intellegi
1138 1963 1270 2025 velirn.

292 2082 451 2148 Nonnulla
474 2083 515 2145 de
537 2080 724 2144 condicione
748 2081 844 2143 libelli
868 2091 901 2143 et
924 2080 964 2143 de
982 2080 1153 2145 disserendi
1169 2083 1291 2145 ratione
1315 2103 1402 2165 prae-

341 2187 508 2247 mittuntur
532 2205 562 2266 p.
591 2200 635 2245 12.

290 2303 329 2366 A.
353 2305 553 2387 Argumenta
575 2324 593 2364 e
616 2323 766 2366 sermone
789 2304 927 2366 auctoris
950 2314 1128 2366 sumuntur.

392 2427 480 2486 Pars
503 2425 528 2486 1.
574 2422 623 2484 De
646 2423 867 2505 grammatices
891 2422 1101 2486 lineamentis.

492 2563 520 2605 a.
545 2542 596 2605 De
614 2543 783 2604 verborum
798 2541 1073 2607 conformatione:
1090 2539 1299 2605 declinatione
1311 2565 1340 2626 p.
1357 2561 1401 2624 13.
1492 2597 1494 2608 .

543 2641 727 2727 gradatione
751 2665 780 2726 p.
802 2660 848 2723 13.
883 2644 1105 2728 coniugatione
1129 2667 1159 2727 p.
1182 2644 1226 2706 16.

492 2763 522 2825 b.
547 2763 597 2826 De
621 2763 790 2824 verborum
814 2763 955 2843 syntaxi:
984 2763 1208 2846 pronominum
1232 2785 1261 2845 p.
1285 2763 1331 2825 16.
1346 2763 1404 2825 ad-

542 2865 728 2927 iectivorum
752 2885 781 2946 p,
801 2879 847 2944 17.
885 2862 1108 2927 adverbiorum
1125 2885 1158 2946 p.
1182 2867 1228 2929 18.
1272 2885 1403 2947 praepo·

542 2967 691 3028 sitionum
715 2987 749 3048 p.
776 2983 821 3045 19.
867 2986 999 3028 casuum
1028 2968 1151 3049 syntaxi
1177 2986 1205 3048 p.
1223 2982 1272 3046 23.
1298 2964 1401 3029 modis

542 3078 572 3131 et
594 3069 792 3150 temporibus
814 3090 847 3150 p..
866 3084 913 3146 24.
948 3069 1106 3151 particulis
1130 3089 1158 3152 p.
1177 3084 1225 3148 32.

391 3191 479 3250 Pars
501 3189 544 3250 11.
589 3187 640 3248 De
663 3186 853 3261 elocutionis
876 3189 1124 3270 proprietatibus
1146 3210 1175 3269 p.
1201 3187 1269 3267 36..

390 3310 478 3369 Pars
502 3308 562 3368 111.
586 3305 659 3367 De
681 3305 855 3368 verborum
879 3307 979 3387 copia.

490 3445 518 3487 a.
542 3424 650 3487 Voces
673 3443 757 3506 quae
780 3434 854 3487 ante
870 3423 1100 3488 Tertullianum
1124 3444 1284 3507 nusquam
1308 3445 1400 3508 appa-

541 3536 610 3589 rent
633 3547 664 3608 p.
678 3543 729 3604 40.

490 3647 519 3712 b.
544 3645 653 3708 Voces
692 3666 774 3727 quae
814 3656 888 3708 ante
929 3644 1160 3708 Tertullianum
1203 3644 1266 3707 alio
1303 3665 1400 3707 sensu

451 3785 453 3791 ·
542 3747 679 3811 affectae
702 3756 856 3831 apparent
878 3769 908 3831 p.
931 3763 982 3826 42.

489 3887 513 3932 c.
538 3867 644 3929 Voces
667 3876 739 3949 post
760 3865 935 3949 Apuleium
960 3863 1121 3928 redivivae
1145 3885 1174 3948 p.
1195 3879 1245 3944 45.

490 3985 542 4047 De
571 3985 707 4048 vocibus
748 3985 911 4062 ,morbus‘,
945 3989 1070 4066 ‚saepe‘,
1108 4002 1214 4065 ‚supra
1245 3983 1399 4075 modumt

539 4107 569 4170 P·
585 4102 636 4169 47·

287 4205 324 4267 B.
346 4205 584 4290 Argumentum
609 4226 683 4319 epe
705 4203 829 4268 ducitur
850 4227 881 4287 p.
898 4222 949 4285 49.

590 4497 994 4509 -ψψ--ι--η-ο
