3202 5296
701 355 901 458 *aa*

379 559 483 659 Pars
520 574 582 668 ΙΙ,
612 566 683 657 De
716 565 951 657 elocutione
983 565 1222 687 Anonymi.

294 737 411 803 Notum
435 749 485 803 est
508 741 537 800 in
561 739 709 801 omnibus
734 739 856 822 linguis,
881 758 946 820 quo
962 735 1076 801 diutius
1093 738 1204 801 litteris
1220 749 1412 816 tractentur,

191 869 231 912 eo
254 851 357 930 magis
380 851 550 912 verborum
574 849 637 911 vim
662 850 782 912 conteri
806 858 836 911 et
858 848 929 930 plus
953 849 1057 911 minus
1081 849 1239 914 infirmari.
1276 851 1326 912 Ex
1344 872 1411 935 quo

189 960 232 1034 fit,
262 972 296 1022 ut
319 961 371 1043 qui
400 960 565 1042 depravati
597 959 750 1021 sermonis
779 959 980 1040 temporibus
1011 960 1118 1022 litteris
1147 975 1277 1043 operam
1313 963 1409 1037 dant,

187 1073 296 1153 verba,
312 1090 395 1154 quae
414 1079 572 1133 vetustate
586 1071 692 1132 labem
705 1079 879 1146 traxerunt,
898 1071 1052 1132 similibus
1073 1071 1176 1133 verbis
1199 1073 1410 1134 corroborare

75 1223 79 1233 .
186 1181 298 1244 aliisve
323 1178 423 1242 modis
447 1200 563 1261 augere
586 1191 751 1261 cogantur.
790 1180 860 1242 Hoc
883 1201 960 1242 vero
984 1201 1056 1243 cum
1080 1183 1244 1263 ceteroqui
1267 1202 1408 1265 cognos-

186 1292 272 1365 citur,
309 1301 376 1353 tum
414 1292 444 1352 in
478 1288 679 1374 gradatione,
722 1311 804 1374 quae
837 1292 1035 1374 sequioribus
1070 1291 1230 1353 latinitatis
1266 1295 1407 1356 saeculis

185 1401 359 1484 infringitur
390 1403 450 1477 ita,
482 1411 516 1464 ut
549 1423 576 1464 e.
613 1423 643 1483 g.
672 1403 880 1484 comparativi
912 1402 1158 1484 superlativique
1191 1399 1306 1465 eodem
1336 1402 1406 1466 sere

185 1531 282 1575 sensu
305 1509 514 1576 adhibeantur
537 1532 602 1594 quo
622 1513 756 1593 positivi.
787 1511 894 1592 Atque
917 1509 956 1574 de
979 1512 1039 1574 hac
1056 1513 1124 1594 ipsa
1140 1532 1182 1586 re,
1205 1532 1277 1575 cum
1295 1525 1405 1577 cetera

184 1623 321 1706 probare
344 1623 398 1685 vix
420 1633 549 1704 queant,
574 1624 680 1704 paucis
704 1641 787 1684 nunc
817 1620 977 1686 disseram.
1027 1621 1263 1705 Peropportune
1292 1633 1404 1687 autern

185 1734 309 1809 accidit,
344 1731 430 1815 quod
462 1753 577 1815 graeca
606 1733 804 1814 exemplaria
831 1754 932 1795 —ex
963 1743 1051 1817 parte
1074 1734 1187 1796 saltem
1210 1746 1405 1816 —praesto

184 1853 267 1918 sunt,
291 1844 336 1905 ita
358 1852 391 1904 ut
413 1842 506 1926 plane
536 1845 667 1926 perspici
695 1844 811 1925 possit,
841 1863 925 1924 quae
953 1846 983 1905 in
1014 1854 1122 1905 nostro
1152 1843 1258 1906 libello
1285 1864 1405 1926 agnos-

185 1956 290 2016 cenda
316 1954 356 2016 sit
379 1956 515 2038 genuina
538 1955 690 2038 gradati0,
714 1973 798 2036 quae
820 1973 930 2036 parum
955 1956 1035 2016 iusta
1057 1954 1184 2036 prolata
1205 1956 1253 2017 sit.

387 2089 525 2153 Primum
550 2092 642 2170 igitur
664 2089 855 2154 adieetivum
878 2093 995 2153 ναπαίας
1017 2092 1047 2152 in
1068 2090 1177 2153 libello
1199 2089 1282 2153 idem
1305 2093 1398 2176 signi-

185 2199 257 2263 ficat
269 2198 356 2283 quod
371 2222 517 2283 magnus,
534 2200 658 2276 multus,
676 2202 777 2264 velut:
802 2221 832 2283 p.
853 2215 919 2280 145,
933 2202 951 2262 8
967 2201 1064 2263 nimio
1079 2201 1189 2282 capillo
1203 2203 1405 2265 circumtecta

185 2309 357 2374 :Adam
381 2329 444 2392 419
466 2314 524 2379 ἐπὶ
550 2310 634 2380 uviri
657 2312 834 2396 κομῶντας.

285 2449 426 2513 Similem
461 2449 491 2511 in
526 2449 659 2510 modum
690 2448 843 2511 adverbia
872 2448 976 2526 nimis,
1004 2450 1147 2524 nimium,
1172 2450 1196 2512 si
1219 2452 1405 2515 nominibus

185 2561 353 2642 verbisque
384 2560 535 2622 adiuncta
564 2569 645 2638 sunt,
669 2555 805 2621 eandem
829 2578 925 2641 saepe
950 2559 1013 2621 vim
1036 2560 1154 2622 habent
1178 2570 1276 2642 atque
1296 2563 1401 2639 valde,

184 2682 383 2752 magnopere,
414 2679 447 2732 ut
474 2685 569 2750 125,1
595 2669 675 2731 oculi
706 2670 838 2730 nimium
860 2669 1199 2751 prorrrinentes=hd
1232 2689 1292 2752 349
1315 2675 1403 2742 πολὺ

184 2783 359 2868 ἐξέχοντες;
385 2798 484 2861 139,4
499 2780 589 2861 pleni
608 2780 742 2842 nimium
757 2806 795 2833 =
808 2779 870 2846 Ad.
896 2780 957 2859 389
978 2778 1067 2848 πάνυ
1091 2781 1252 2871 σαρκώδη,·
1280 2800 1404 2866 144,17
1465 2797 1469 2807 ’

184 2892 290 2955 molles
330 2893 464 2955 nimr'urn
480 2919 520 2946 =
538 2889 599 2955 Ad.
634 2893 695 2970 418
724 2895 888 2975 μαλακαῖς
920 2894 955 2958 δὲ
984 2891 1091 2974 rrrivu,¹
1136 2909 1236 2975 140,7
1265 2895 1404 2958 niarium

185 3004 423 3070 breves=Ad
453 3021 512 3086 377
535 3016 642 3092 μικροὶ
665 3004 774 3087 noim
807 3021 925 3085 123,19
946 3005 1019 3066 cavi
1043 3004 1304 3069 nimium=Ad
1340 3008 1405 3086 346

184 3120 285 3183 notior
318 3113 418 3183 πάνυ.
463 3116 514 3178 De
544 3116 607 3178 hoc
638 3127 744 3179 autem
770 3137 832 3180 usu
860 3113 990 3178 adnotat
1012 3115 1261 3200 Woelfflinus1),
1295 3138 1407 3200 pauca

185 3226 226 3289 de
273 3228 401 3290 comicis
447 3227 623 3309 praefatus:
675 3228 719 3304 ,In
753 3230 810 3290 der
839 3227 1148 3309 Bibelt'ibersetzung
1183 3227 1211 3308 (i.
1242 3250 1269 3293 e.
1300 3228 1407 3293 altera

184 3336 237 3401 IVi
264 3338 381 3400 saeculi
405 3336 522 3421 parteI)
546 3339 717 3421 entspricht
733 3339 828 3400 rrirnz's
844 3339 888 3400 oit
904 3339 980 3399 dem
998 3337 1218 3419 griechischen
1235 3336 1339 3418 πολύς
1352 3378 1405 3405 -.

185 3449 366 3511 Besonders
391 3449 547 3511 lehrreich
570 3451 648 3513 aber
670 3452 710 3512 ist
733 3451 802 3512 eine
825 3448 925 3512 Stelle
949 3448 1123 3532 Augustius
1146 3485 1187 3493 -—
1210 3459 1347 3516 enarrat.
1374 3455 1406 3516 in

184 3559 297 3643 psalm.
319 3561 390 3626 118:
425 3558 526 3621 Nimis
547 3557 658 3622 dicitur
674 3561 828 3642 quidquid
845 3560 914 3643 plus
931 3558 1021 3621 fuerit
1038 3579 1134 3642 quam
1150 3570 1275 3643 oportet
1292 3609 1406 3627 .....

185 3668 247 3732 Sed
269 3668 438 3753 aliquando
462 3670 558 3733 latina
581 3671 687 3753 lingua
711 3671 772 3733 hoc
800 3671 901 3733 verbo
924 3672 969 3732 sic
992 3671 1138 3743 abutitur,
1162 3680 1196 3732 ut
1225 3671 1320 3732 nirm's
1345 3693 1408 3756 pro

185 3802 224 3844 eo
253 3779 339 3864 quod
370 3791 416 3843 est
444 3781 537 3844 valde
568 3792 599 3844 et
626 3783 764 3864 positum
796 3782 992 3844 inveniamus
1024 3783 1053 3842 in
1085 3781 1196 3844 litteris
1219 3783 1316 3844 sacris
1343 3785 1406 3868 (im

184 3892 381 3975 Bibellatein)
407 3904 438 3956 et
461 3913 618 3976 ponamus
643 3895 673 3955 in
696 3893 895 3954 sermonibus
919 3894 1035 3954 nostris
1060 3891 1115 3975 (im
1143 3893 1408 3977 Vulgarlateiu).‘

183 4003 337 4086 Loquitur
360 4005 402 4067 ita
423 4004 603 4086 praeclarus
626 4004 678 4066 ille
701 4003 933 4066 ecclesiasticus
958 4000 997 4065 de
1020 4005 1067 4066 sui
1090 4005 1243 4086 temporis
1265 4025 1348 4086 usu3
1374 4009 1407 4069 in

184 4136 279 4199 quem
324 4135 408 4198 quae
449 4113 547 4178 modo
589 4113 673 4199 apud
709 4116 1019 4198 physiognomoniae
1054 4124 1216 4178 auctorem
1250 4112 1406 4195 vidimus,

185 4228 298 4288 mirum
322 4236 477 4308 quantum
502 4226 675 4308 quadrant.

286 4362 368 4426 Dein
384 4383 625 4446 nonnumquam
642 4363 781 4446 positivo
797 4360 948 4426 adverbia
963 4384 1004 4426 ex
1020 4359 1193 4426 abundanti
1211 4361 1405 4442 adiciuntur,

183 4483 218 4537 ut
240 4474 386 4540 m'mr'urn:
415 4478 532 4554 142,18
555 4476 688 4539 rtirniurn
710 4473 930 4538 exesa=Ad
956 4477 1014 4554 383
1045 4475 1253 4563 ἔκτετηκότα;
1279 4493 1406 4556 143,14

285 4688 304 4756 ¹)
322 4689 412 4754 Comp.
430 4707 455 4755 p.
475 4700 505 4753 25
525 4690 578 4743 init.
