3202 5296
792 372 811 429 8

288 577 456 640 Habemus
479 577 574 656 igitur
604 595 754 656 magnam
777 577 915 637 virorum
947 573 1112 637 doctorum
1141 573 1384 660 discrepantim3
1438 607 1443 645 ε

185 700 217 752 et
240 709 313 751 cum
337 708 377 750 ex
400 684 638 768 omniquidem
663 697 751 769 parte
774 707 884 748 eorum
902 707 998 748 nemo
1016 688 1091 749 mihi
1106 691 1319 769 persuaserit,
1339 710 1384 752 reu

186 802 302 864 iterum
326 797 502 881 diligentius
524 808 658 859 tractare
681 800 864 880 suscipiam.

186 1154 256 1234 ipso
279 1151 446 1232 congessit.

289 1278 446 1341 Provocat
461 1277 511 1340 ille
523 1278 659 1359 primum
675 1276 721 1358 (p.
735 1294 774 1356 77
785 1277 847 1358 sq.)
868 1275 907 1339 ad
921 1275 1089 1338 Albertum
1108 1275 1267 1359 Magnum
1288 1279 1396 1341 clarum
1433 1269 1437 1277 ’

186 1391 274 1453 illum
297 1388 523 1472 philosophum
547 1387 664 1449 saeculi
680 1385 764 1461 XIII,
787 1390 839 1469 qui
856 1387 954 1449 semel
971 1387 1284 1469 physiognomoniae
1301 1390 1398 1452 locum

185 1500 229 1584 (p.
258 1517 324 1578 124.
339 1501 389 1580 24)
418 1501 461 1560 ita
490 1496 611 1561 laudat:
653 1500 732 1560 tales
762 1500 945 1576 referuntur
973 1499 1014 1560 ab
1040 1499 1171 1578 Apuleio
1191 1501 1305 1578 fuisse
1332 1501 1402 1564 oculi

185 1611 326 1674 Socratis
348 1632 375 1672 e.
392 1631 422 1691 q.
439 1631 485 1672 s..
539 1611 603 1672 Sed
633 1630 695 1671 non
725 1607 801 1670 vidit
825 1612 872 1670 vn
901 1608 1102 1672 doctissimus
1132 1611 1193 1671 hoc
1224 1610 1302 1672 loco
1333 1612 1400 1674 illud

184 1723 226 1785 ab
248 1722 379 1803 Apuleio
409 1732 590 1804 corruptum
622 1741 691 1783 esse
723 1741 763 1781 ex
791 1741 812 1781 o
839 1720 1006 1782 Polemone
1027 1720 1078 1781 vel
1105 1743 1127 1781 o
1148 1719 1337 1784 Philemone
1358 1723 1402 1784 vel

185 1854 207 1894 a
234 1833 371 1894 Platone.
423 1832 464 1892 Hi
493 1834 578 1894 enim
608 1833 661 1894 vel
692 1831 799 1892 Loxus
826 1831 877 1893 vel
910 1831 1065 1892 Platonici
1095 1831 1220 1913 reliquis
1252 1832 1337 1894 locis
1369 1834 1402 1896 ab

186 1943 323 2005 Alberto
339 1960 398 2024 pro
414 1942 509 2003 libelli
525 1940 698 2003 afferuntur
712 1943 900 2004 auctoribus.
947 1940 1012 2004 lam
1029 1940 1162 2004 alterum
1179 1953 1402 2024 argumentum

185 2052 227 2137 (p.
253 2070 292 2133 73
307 2052 375 2135 sq.)‚
399 2050 484 2134 quod
508 2052 599 2115 fluxit
621 2073 662 2115 ex
684 2051 787 2115 indice
811 2053 928 2114 codicIs
943 2052 1115 2126 Harleiani‚
1137 2053 1189 2113 ubi
1206 2062 1314 2115 extat:
1343 2054 1404 2116 Hoc

184 2165 378 2227 continentur
393 2176 456 2245 pro
477 2163 621 2224 ordinem
643 2165 676 2224 in
698 2164 754 2224 lroc
775 2164 855 2224 libro
872 2213 976 2225 .....
1008 2162 1158 2244 Apulezics
1179 2163 1219 2223 de
1238 2175 1325 2226 secta
1339 2165 1404 2246 plo·

186 2277 295 2338 tonica.
333 2274 410 2336 Itern
432 2275 471 2336 de
492 2276 548 2336 deo
563 2273 712 2337 Socratis.
753 2273 828 2335 Item
850 2275 888 2335 de
903 2274 1087 2354 pln'snomio
1103 2322 1233 2337 ......
1256 2274 1404 2338 Historia

186 2387 225 2448 de
246 2386 323 2448 bello
344 2387 552 2451 troianornm.
589 2386 666 2447 Item
689 2387 728 2447 de
750 2386 899 2447 monstris
919 2394 950 2445 et
962 2385 1125 2463 portentis.
1167 2383 1245 2445 Item
1263 2386 1405 2464 phisicon

179 2507 329 2578 proteron
346 2547 475 2560 ......
499 2498 680 2578 Eproceptio
702 2496 856 2558 [onclimi
881 2507 975 2575 snper
996 2495 1217 2577 Apocnlrpsim.
1267 2495 1349 2559 Item
1371 2497 1406 2559 de

178 2608 344 2689 prestigiis
376 2617 600 2689 tempestatum.
653 2608 728 2668 Item
751 2607 925 2668 ieronimus
949 2617 1057 2669 contra
1083 2605 1246 2668 Elvidinm
1281 2608 1405 2682 labitur,

186 2720 260 2801 quia
290 2720 321 2779 in
347 2720 409 2780 hoc
439 2716 540 2781 indice
570 2720 643 2780 iteni
674 2737 737 2779 non
765 2716 848 2780 idem
877 2716 1056 2799 significare
1087 2726 1182 2798 atque
1211 2718 1354 2780 ericsdern
1377 2721 1405 2781 in

187 2829 358 2912 propatulo
381 2838 437 2891 est.
475 2828 627 2891 Ceterum
650 2829 790 2910 pluribus
812 2828 851 2891 de
870 2831 916 2891 his
932 2827 1085 2891 disserere
1103 2824 1307 2909 supersedeo
1333 2851 1405 2893 cum

187 2941 250 3002 iam
266 2939 422 3023 Sauppius
446 2941 664 3022 imprimisque
679 2941 868 3002 Foersterus
893 2940 910 3002 Ι.
928 2940 946 3001 l.
970 2960 1036 3001 rem
1053 2939 1137 3000 bene
1153 2939 1364 3005 absolverint.

289 3049 413 3113 Deinde
442 3071 482 3112 ex
514 3050 622 3113 libello
654 3054 722 3134 ipso
751 3052 869 3113 Rosius
900 3049 1090 3112 sententiam
1121 3049 1247 3111 firmare
1278 3049 1404 3113 studuit.

187 3161 325 3223 Primum
360 3163 444 3223 enim
478 3163 575 3224 verba
610 3162 776 3243 Anonymi
806 3182 834 3245 p.
868 3163 935 3233 128,
954 3177 995 3222 20
1026 3181 1046 3220 o
1079 3159 1245 3220 Polemone
1278 3162 1405 3240 quidem

186 3280 311 3362 otcctore
341 3274 532 3350 referuntur,
568 3273 623 3353 qni
650 3273 822 3334 ennuchum
850 3276 942 3349 (corr.
972 3268 1148 3343 Foerstcr.)
1178 3271 1232 3330 sui
1256 3273 1406 3351 temporis

177 3383 286 3460 fnisse
300 3382 382 3443 linnc
395 3383 552 3445 lionn'nern
567 3384 738 3464 descripsit.
756 3404 864 3444 nomen
880 3381 1005 3462 quidem
1021 3402 1080 3441 non
1090 3380 1202 3459 posuit,
1218 3380 1406 3462 intelligitur

186 3502 291 3553 autern
321 3492 359 3553 de
381 3492 540 3555 Favorino
568 3515 638 3554 enin
661 3494 765 3554 dicere
799 3495 850 3569 ita,
870 3493 1004 3575 explicat
1029 3490 1072 3573 (p.
1097 3489 1161 3571 72),
1188 3499 1222 3551 ut
1252 3510 1326 3552 eum
1352 3494 1405 3574 qui

186 3602 244 3664 tali
267 3603 367 3665 modo
391 3603 547 3685 loquatur,
573 3624 628 3686 pro
652 3603 778 3686 aequali
794 3603 977 3665 Polemonis
998 3611 1031 3664 et
1047 3599 1194 3663 Favorini
1217 3600 1404 3664 habendum

187 3734 260 3776 esse
284 3711 468 3775 contendat.
506 3715 608 3777 Recte
631 3725 737 3777 autem
761 3724 872 3776 monet
887 3712 1108 3795 Foersterus1)
1130 3713 1181 3794 agi
1203 3709 1243 3772 de
1266 3732 1407 3794 persona

188 3823 407 3901 illustrissima,
424 3825 511 3886 cuius
527 3827 669 3888 notitiam
687 3835 798 3888 auctor
813 3835 868 3888 aut
880 3847 898 3887 e
910 3825 1031 3887 scholio
1045 3826 1075 3886 in
1089 3823 1233 3903 margine
1245 3820 1407 3906 adscripto

187 3935 325 4013 haurire,
354 3945 408 3996 aut
432 3953 515 4017 quae
538 3946 605 3999 erat
628 3937 794 3999 celebritas
818 3937 870 4010 rei,
899 3935 952 3996 vel
980 3935 1173 4017 sequi0ribus
1203 3934 1407 4015 temporibus

187 4042 226 4105 de
250 4063 309 4106 suo
333 4041 449 4106 addere
472 4047 582 4127 potuit.
620 4045 723 4125 Quid?
757 4047 872 4109 Rosius
895 4067 1002 4108 nonne
1026 4046 1093 4127 ipse
1116 4045 1160 4126 (p.
1177 4042 1234 4123 71)
1256 4042 1407 4107 concedit

187 4153 382 4217 simultatem
415 4155 499 4218 illam
525 4157 575 4218 vel
602 4159 684 4220 tertii
714 4157 830 4220 saeculi
859 4159 946 4220 Initio
968 4177 1035 4219 rem
1060 4155 1155 4218 fuisse
1178 4154 1406 4216 notissimam?

189 4263 234 4325 At
251 4265 415 4326 enimvero
438 4267 505 4347 ipsa
519 4268 640 4329 ratione
663 4287 725 4350 qua
741 4268 820 4330 solet
838 4267 1046 4330 Polemonem
1063 4267 1159 4328 citare
1177 4267 1342 4347 interpres,
1364 4263 1406 4328 de

189 4371 328 4457 Apuleio
352 4377 489 4458 cogitare
505 4387 660 4440 vetamur.
698 4380 781 4441 Nam
800 4377 972 4461 Apuleium
996 4379 1020 4440 si
1038 4398 1111 4440 cum
1128 4376 1293 4450 Rondi02)
1317 4397 1406 4439 anno

289 4613 311 4682 1)
329 4615 382 4679 JJb.
401 4633 425 4680 p.
445 4615 500 4678 561.

291 4697 311 4765 ²)
329 4699 419 4752 Rhein.
437 4699 502 4753 Mus.
522 4701 568 4748 XL
585 4718 608 4766 p·
629 4713 670 4764 73·
