3202 5296
673 332 712 388 33

62 535 283 616 Quamquam
319 536 397 597 haec
426 535 549 617 phrasis
581 535 676 596 etiam
700 534 813 617 legitur
844 535 929 616 apud
963 542 1076 615 poetas
1099 533 1295 616 Vergilium,

61 643 190 706 Silium
228 633 380 720 Italicum,
418 643 612 720 Iuvenalem,
649 646 735 727 apud
777 643 900 707 solutae
941 645 1090 706 oratiouis
1129 646 1296 727 scriptores

59 753 212 817 Plinium
237 753 366 836 (1111),
390 753 589 830 Suetonium,
613 755 767 817 Iustinum
791 755 876 817 alios
889 753 913 838 ¹)

181 865 231 926 Ex
259 864 454 928 disiunctivis
485 887 513 949 p.
542 865 648 945 152,6
675 886 729 927 seu
760 866 777 927 i.
809 887 838 949 q.
870 876 942 941 aut,·
980 886 1044 948 quo
1076 886 1169 929 sensu
1199 877 1297 949 negat

62 975 108 1037 C.
125 976 165 1036 F.
179 974 232 1038 W.
246 973 448 1058 Muellerusi)
461 975 635 1058 Apuleium
648 997 722 1038 eam
732 997 892 1059 usurpare.
917 974 1027 1059 Neque
1041 997 1118 1039 vero
1129 974 1230 1058 video,
1243 997 1298 1040 cur

61 1087 184 1147 verbis
213 1086 278 1166 169,
295 1102 331 1166 17
354 1108 392 1147 ne
413 1086 466 1148 vel
483 1086 539 1147 tec
567 1086 717 1147 orrzz'ssum
739 1087 783 1148 sit
803 1088 951 1149 abutatur
973 1082 1014 1148 ad
1036 1096 1165 1169 tempus
1189 1085 1298 1150 defini-

61 1194 197 1258 endum
233 1197 373 1258 Maierus
404 1217 433 1279 p.
460 1212 509 1277 20,
543 1216 625 1279 quae
659 1197 768 1274 verba,
799 1216 933 1279 quorum
962 1216 1074 1259 sensus
1103 1206 1151 1259 est
1180 1194 1299 1275 „damit

62 1305 180 1368 selbst
207 1307 274 1367 dies
305 1307 392 1368 nicht
421 1309 626 1390 ubergangen
659 1309 743 1384 sei“‚
773 1318 850 1389 puto
879 1327 920 1369 ne
951 1306 1136 1370 Ciceronem
1167 1307 1311 1390 quidem.

61 1418 170 1479 aliter
192 1415 391 1480 redditurum
416 1416 558 1498 fuisseb.

184 1526 233 1589 Ex
258 1529 482 1610 comparativis
505 1530 619 1590 mirum
643 1526 771 1609 quidem
795 1537 845 1590 est
867 1547 897 1610 p.
918 1541 985 1607 115,
1001 1543 1040 1589 22
1064 1527 1150 1589 utin
1172 1548 1211 1589 ea
1233 1528 1300 1590 exi·

64 1647 168 1700 stant
193 1639 321 1700 sicuti
347 1638 487 1715 colles,
525 1641 598 1721 quia
626 1640 719 1701 secuti
752 1638 841 1700 colles
878 1639 966 1721 quasi
996 1639 1026 1700 in
1055 1657 1150 1700 unam
1183 1639 1301 1701 coaluit

68 1750 257 1814 notionem.
302 1745 350 1810 Ne
366 1748 441 1831 quid
462 1760 570 1812 tamen
595 1751 668 1811 inde
700 1756 749 1826 (ut
772 1749 895 1812 Maiero
917 1751 1020 1811 visum
1044 1759 1105 1824 est)
1130 1746 1169 1812 de
1193 1758 1299 1812 aetate

67 1859 222 1942 colligas.
268 1857 350 1922 Nam
383 1872 415 1923 ut
440 1859 601 1923 Ciceronis
632 1870 737 1922 aetate
767 1861 810 1922 ita
838 1869 951 1942 quarto
982 1868 1013 1922 et
1035 1860 1147 1942 quinto
1170 1859 1300 1923 saeculo

64 1991 180 2034 nemo
213 1973 256 2033 sic
293 1954 416 2034 lofiutus
450 1983 505 2037 est.
560 1968 715 2032 Nimirum
754 1992 796 2032 ex
830 1990 944 2053 graeco
974 1980 1082 2032 auctor
1113 1971 1299 2033 adverbium

64 2082 193 2143 vertit:
235 2079 351 2144 Adam.
379 2098 440 2161 403
472 2083 607 2179 μηδαμῇ
635 2099 746 2171 τραχεῖ
772 2081 910 2172 μετώπῳ
934 2099 1035 2171 χαῖρε,
1058 2083 1145 2166 μηδὲ
1163 2079 1300 2172 ὥσπερ

65 2190 202 2273 λόφους
224 2203 279 2258 καῖ
302 2190 469 2281 ὀρύγματα
492 2193 600 2275 ἔχοντι
622 2194 658 2259 ἐν
681 2191 780 2282 αὐτῷ.

186 2303 336 2386 Denique
359 2301 398 2365 de
421 2304 654 2384 interrogativis
691 2313 962 2365 commemoretur
986 2303 1154 2385 particulas
1177 2322 1219 2363 an
1234 2323 1299 2364 -an

69 2427 218 2492 125‚21.
256 2414 364 2494 159,6.
403 2414 526 2495 137,16
558 2451 599 2457 —
632 2423 665 2475 ut
699 2435 739 2476 ex
773 2433 866 2476 sensu
904 2411 1093 2475 disiunctivo
1135 2434 1194 2475 nec
1234 2433 1299 2475 non

63 2544 117 2586 ex
161 2523 363 2586 similitudine
397 2526 624 2586 sententiarum
658 2534 764 2606 patet,
799 2544 882 2607 quae
924 2533 972 2587 est
1000 2526 1080 2586 inter
1113 2537 1232 2605 137,15
1268 2534 1300 2586 et

68 2633 151 2714 136,
168 2648 219 2713 24,
246 2636 301 2697 ubi
328 2645 518 2710 atrurn-cm,
543 2635 722 2696 —eodem
752 2632 850 2696 modo
880 2637 1024 2717 usurpari
1047 2643 1142 2715 atque
1168 2644 1298 2696 utrum-

59 2767 127 2811 an.
169 2744 209 2806 Et
231 2746 311 2808 haec
334 2748 520 2828 proprietas,
544 2748 585 2807 de
608 2765 673 2827 qua
695 2745 840 2808 Handius
863 2747 894 2808 in
918 2744 1098 2808 Tursellino
1121 2753 1217 2822 tacet,
1242 2746 1300 2808 etsi

56 2876 151 2921 raro
177 2865 284 2918 tamen
308 2858 407 2918 etiarn
431 2856 504 2918 alibi
534 2856 710 2938 occurritll:
749 2857 824 2919 Plin.
853 2853 890 2918 N.
911 2857 951 2918 H.
973 2871 1019 2934 15.
1040 2853 1110 2940 §63
1134 2855 1258 2918 Colum.
1275 2856 1299 2931 I,

63 2987 100 3043 1,
118 2984 158 3047 35
186 2965 268 3031 Cels.
293 2967 371 3047 3,6;
394 2968 501 3032 lustin.
526 2984 575 3046 24,
600 2985 678 3049 7,1;
705 2966 799 3050 Apul.
823 2966 897 3030 Met.
925 2967 1013 3043 11,6.

184 3216 248 3280 Sed
263 3219 344 3282 haec
362 3222 526 3284 hactenus.
556 3218 645 3285 Nunc
669 3223 831 3306 paululum
849 3225 1060 3286 subsistamus
1077 3232 1108 3285 et
1124 3219 1298 3298 videamur,

56 3328 154 3417 quid
176 3329 253 3391 lucri
268 3331 310 3392 ad
328 3331 517 3394 solvendam
534 3330 573 3413 de
589 3344 736 3416 tempore
751 3336 973 3418 quaestionem
990 3357 1032 3398 ex
1048 3355 1081 3397 re
1094 3335 1301 3417 grammatica

58 3437 276 3508 redundarit.

185 3552 326 3615 Primum
350 3556 441 3638 igitur
471 3575 569 3618 nemo
600 3558 651 3618 eis
677 3547 760 3638 quae
791 3565 901 3618 contra
925 3555 1098 3638 Apuleium
1135 3567 1296 3620 auctorem

61 3665 323 3749 disputavimus,
355 3686 437 3729 nunc
468 3643 532 3729 non
563 3664 813 3749 adstipulabitur,
842 3669 899 3729 sed
925 3669 1020 3729 etiam
1054 3668 1117 3729 hoc
1141 3666 1298 3730 concedet

62 3772 227 3842 secundo
240 3777 368 3838 saeculo
391 3777 504 3840 librum
522 3798 585 3840 non
603 3799 672 3841 esse
688 3779 850 3860 scripturn.
896 3778 1098 3861 Argumento
1111 3788 1183 3840 sunt
1199 3797 1299 3840 enun-

64 3892 155 3952 tiata
182 3885 234 3948 illa
256 3885 327 3948 loco
350 3890 524 3951 accusativi
547 3911 574 3952 c.
597 3888 650 3952 inl.
675 3889 867 3972 aparticula
882 3890 958 3970 quia
981 3887 1160 3973 pendentia,
1184 3889 1299 3972 quibus

62 4061 386 4075 p*—

187 4140 206 4209 ¹)
223 4143 299 4191 Hand
316 4144 359 4200 lv,
381 4155 438 4197 112.

185 4228 205 4293 ²)
223 4229 364 4292 Draeg.11.
382 4245 406 4293 p.
429 4227 482 4288 148.

186 4314 205 4378 8)
222 4312 297 4376 Quod
319 4314 351 4362 ad
376 4314 416 4361 vel
438 4325 535 4376 111‚27
558 4314 650 4378 profert
670 4315 737 4364 idem
761 4322 844 4364 auctor
866 4318 902 4380 (p.
924 4318 964 4379 14)
982 4321 1028 4378 pro
1053 4316 1094 4364 vel
1102 4316 1193 4380 potius,
1212 4315 1300 4381 quovis

62 4402 247 4456 fundamento
272 4407 346 4452 caret.
381 4395 455 4460 Nam,
483 4408 507 4447 ut
531 4401 659 4464 permultis
689 4401 750 4450 locis
774 4402 872 4465 probari
894 4408 975 4465 potest
998 4399 1038 4466 (cl.
1060 4403 1158 4464 146,15
1182 4417 1237 4451 cum
1259 4401 1297 4462 18,

66 4496 185 4551 147,13
207 4500 263 4534 cum
285 4498 328 4551 193
355 4497 461 4550 159‚21‚
486 4487 575 4533 indicia
604 4487 682 4546 161,1
705 4502 760 4534 cum
778 4487 853 4550 signis
871 4503 935 4551 quae
953 4503 976 4549 p.
999 4487 1047 4535 160
1064 4487 1212 4552 occurrunt),
1230 4488 1300 4551 sigim

61 4586 94 4627 et
116 4571 216 4622 indicia
234 4571 268 4620 ita
286 4587 335 4619 non
353 4572 531 4633 discernuntur,
550 4582 575 4621 ut
594 4573 677 4636 utique
695 4573 857 4622 adhibeantur
875 4573 1023 4636 promiscue.

186 4655 208 4722 ⁴)
227 4657 259 4710 cf.
279 4658 322 4708 Dr.
340 4657 363 4704 II
381 4658 438 4717 461.

1100 4763 1115 4810 3
