3202 5296
651 417 689 476 15

566 503 768 511 ———

157 620 202 684 At
225 620 326 684 multo
343 620 470 683 maioris
487 620 644 682 momenti
667 629 714 682 est
730 615 876 700 gradatio
892 638 976 702 quae
999 617 1116 702 duplex
1133 630 1272 696 vocatur,

48 751 139 813 quae
163 741 219 794 aut
234 733 265 793 in
282 733 349 814 ipsa
364 731 512 794 adiectivi
538 729 727 792 formatione
742 731 846 815 posita
868 741 916 792 est
939 739 992 792 aut
1015 732 1046 792 in
1068 731 1135 793 aliis
1151 731 1274 793 voculis

49 843 235 905 coniunctis
259 861 333 904 cum
356 842 525 904 adiectivo.
564 841 675 922 Atque
692 840 772 902 illius
795 840 980 922 exemplum
1005 852 1054 904 est
1076 843 1162 925 apud
1186 841 1273 905 Ano·

49 973 193 1034 nymum
217 953 305 1014 vocis
327 953 473 1032 superius
495 970 580 1027 usus,
604 970 686 1033 quae
708 971 768 1033 pro
788 963 887 1033 supra
910 974 974 1016 non
1000 955 1100 1015 minus
1121 951 1274 1016 terdecies

50 1064 191 1125 occurrit
215 1061 363 1145 (115,18.
390 1064 458 1141 128,
472 1078 500 1143 7.
528 1076 660 1142 137,13.
686 1075 816 1144 153,17.
849 1077 917 1145 159,
935 1080 980 1145 ¹7·
1008 1064 1136 1140 16411.
1164 1063 1274 1144 163,6.

56 1191 128 1251 144.
148 1187 194 1253 15.
223 1187 331 1252 145,4.
360 1185 466 1253 157,1.
496 1171 563 1251 164,
576 1188 605 1234 2.
632 1172 762 1252 165,13.
782 1190 880 1252 142,4
897 1176 930 1256 ¹),
953 1185 1052 1255 supra
1068 1170 1173 1236 decies
1188 1183 1276 1237 extat

53 1282 144 1366 (132,
160 1299 187 1346 2.
224 1283 354 1364 150,16.
392 1282 457 1362 156,
471 1281 520 1346 26.
548 1281 615 1359 161,
630 1299 657 1344 2.
689 1284 820 1363 163,10.
848 1301 915 1365 119,
929 1287 957 1348 8.
987 1299 1115 1364 125,22.
1143 1284 1210 1361 126,
1225 1301 1273 1347 22.

56 1395 192 1474 128,13.
227 1395 293 1474 156,
313 1393 374 1475 13.)
424 1395 569 1456 Remotis
598 1404 705 1456 autem
735 1395 876 1477 quinque
911 1395 1027 1458 ultimis
1058 1395 1211 1477 exemplis
1244 1398 1274 1458 in

52 1505 172 1587 quibus
195 1514 295 1586 supro
318 1524 392 1566 cum
415 1505 587 1586 participiis
610 1504 719 1574 dictus,
742 1504 885 1584 scriptus,
909 1514 1101 1567 memoratus
1123 1506 1154 1566 in
1178 1525 1274 1568 unam

53 1616 124 1678 lere
156 1636 269 1679 vocem
301 1616 416 1677 coaluit
427 1613 460 1699 2),
494 1616 589 1677 ratio·
605 1634 687 1697 quae
720 1617 800 1677 inter
830 1626 929 1696 supra
959 1624 991 1677 et
1018 1615 1162 1695 superius
1184 1616 1275 1678 inter·

54 1727 161 1802 cedit,
197 1726 264 1788 lere
298 1727 376 1788 haec
410 1735 477 1788 est:
512 1742 586 1805 1;3.
623 1724 691 1788 Iam
725 1735 836 1788 notum
871 1734 918 1788 est
951 1727 1035 1788 hunc
1069 1728 1276 1808 comparativi

52 1837 203 1917 superius
231 1855 288 1917 pro
317 1846 415 1915 supro
442 1855 535 1897 usum
568 1856 631 1898 non
661 1845 736 1899 ante
765 1835 899 1898 alterum
930 1856 959 1918 p.
985 1835 1020 1898 C.
1044 1837 1209 1898 saeculum
1232 1838 1272 1898 in-

53 1947 230 2022 crebuisse,
253 1956 321 2008 tum
344 1957 487 2028 tempore
502 1947 728 2029 progrediente
751 1948 794 2009 ita
808 1957 1025 2029 propagatum
1041 1966 1119 2019 esse,
1144 1957 1176 2009 ut
1199 1969 1225 2012 e.
1246 1971 1274 2029 g.

55 2058 232 2122 Salvianus
254 2055 293 2120 Vi
312 2058 430 2120 saeculi
453 2059 552 2140 partis
576 2059 686 2140 prioris
708 2058 876 2140 presbyter
895 2068 993 2138 supra
1009 2057 1068 2119 nisi
1090 2078 1162 2119 cum
1177 2057 1278 2119 dz'clus

55 2178 89 2232 et
118 2169 256 2249 scriptus
278 2189 343 2232 non
372 2169 532 2245 exhibeat,
558 2167 710 2230 Boethius
734 2177 842 2231 autem
867 2168 897 2230 in
921 2169 1155 2230 commentariis
1177 2179 1276 2248 supro

54 2277 178 2354 decies,
200 2279 346 2359 superius
367 2279 520 2361 praebeat
541 2275 664 2361 4810⁸³l

162 2405 245 2469 Dein
270 2408 412 2491 gradatio
436 2406 560 2489 duplex
591 2407 621 2467 in
644 2406 932 2489 physiognomonia
954 2407 1086 2468 occurrit
1109 2406 1276 2469 vocabulis

56 2517 169 2599 magis
191 2526 222 2580 et
235 2518 313 2599 plus
335 2515 492 2583 formatas
514 2532 611 2597 157,7
634 2516 716 2578 color
738 2517 844 2579 acrior
865 2537 926 2578 rna
929 2518 998 2599 gis
1020 2538 1117 2598 quom
1132 2519 1278 2597 pressior

54 2625 179 2690 Adam.
209 2644 272 2707 434
299 2629 413 2716 χρῶμα
443 2627 603 2715 ὀξύτερον,
638 2627 738 2707 163,4
758 2638 886 2707 corpore
908 2628 1030 2691 maiore
1051 2630 1159 2710 magis
1180 2649 1277 2708 quom

56 2740 183 2802 minore
197 2738 295 2801 Arist.
313 2740 399 2815 8082,
413 2753 449 2818 25
469 2736 656 2826 εὐμεγέθης.
683 2737 783 2833 ‘Haec
799 2735 994 2800 abundantia
1009 2738 1133 2800 omissis
1150 2738 1277 2800 comicis

59 2849 191 2914 Valerio
220 2848 360 2912 Maximo
387 2849 568 2911 Columella
600 2848 755 2933 imprimis
783 2848 868 2910 Afris
892 2847 964 2910 inde
995 2850 1034 2910 ab
1058 2848 1174 2930 Apulei
1197 2858 1276 2912 tem·

56 2961 192 3044 poribus
224 2961 255 3022 in
291 2957 409 3022 deliciis
437 2972 512 3023 erat.
560 2960 658 3043 Apul.
687 2968 761 3022 met.
792 2957 836 3020 lX
864 2957 904 3037 36
937 2959 1043 3040 magis
1074 2959 1275 3021 irritatiores.

55 3070 103 3134 Xl
124 3087 163 3133 10
193 3093 233 3132 m.
258 3072 373 3151 aptior,
407 3071 538 3134 Tertull.
572 3081 670 3154 spect.
701 3085 739 3151 13
763 3091 804 3136 m.
834 3070 1021 3152 angustiora
1049 3070 1106 3147 al.,
1151 3071 1275 3132 Amob.

61 3200 143 3263 1‚29.
157 3198 185 3258 2,
201 3197 227 3262 5.
240 3200 269 3261 4,
284 3198 325 3262 30
340 3182 390 3259 al,
416 3181 571 3245 Dracont.
593 3201 623 3261 4,
637 3199 686 3263 33,
717 3181 844 3264 Coripp.
868 3182 934 3243 Ioh.
959 3198 988 3262 7,
1006 3194 1086 3261 539,
1120 3181 1144 3244 F
1148 3182 1274 3264 ulgent,

57 3292 151 3358 Cael.
174 3293 265 3368 Aur,
288 3294 371 3356 Vict.
395 3293 505 3376 Visst),
530 3292 873 3376 Cassian.5)-117,6
895 3291 993 3372 plus
1014 3293 1118 3353 maior
1129 3289 1166 3372 6),
1189 3294 1276 3354 cuius

55 3406 226 3488 pravitatis
248 3406 385 3486 primum
409 3405 627 3467 testimonium
659 3415 769 3467 extare
792 3400 915 3466 videtur
938 3402 1022 3465 circa
1046 3418 1107 3465 200
1129 3425 1160 3485 p.
1185 3403 1221 3466 C.
1245 3392 1275 3466 in

54 3516 208 3579 versione
224 3515 291 3578 libri
306 3516 493 3593 Siracidae⁷)
508 3531 557 3596 23,
572 3518 612 3578 28
629 3516 707 3596 plus
721 3515 895 3590 lucidiores,
913 3513 1135 3578 Commodian.
1153 3515 1237 3598 apol.
1258 3529 1273 3596 5

54 3628 139 3711 (249
160 3645 190 3709 p.
214 3625 263 3710 C.)
292 3637 328 3706 p.
357 3626 463 3702 levior,
495 3626 570 3690 Vita
601 3626 692 3709 Fulg.
723 3627 772 3703 26,
802 3625 889 3692 Cass,
918 3625 983 3690 Fel.
995 3641 1046 3704 42.
1069 3643 1120 3707 47,
1145 3625 1275 3692 Romul.

164 3882 184 3950 ¹)
200 3899 249 3947 quo
271 3884 327 3932 loco
351 3899 382 3932 ex
399 3885 497 3934 Molinii
516 3885 626 3935 editione
650 3884 829 3934 restituendum
846 3891 891 3950 est,
910 3882 940 3937 cf.
958 3882 1077 3950 Foerster‚
1095 3879 1272 3949 quaestplrys.

54 3988 80 4035 p.
100 3971 126 4020 6.

162 4057 185 4120 1)
204 4055 272 4121 quod
289 4063 373 4105 nostro
399 4055 450 4104 iure
474 4054 590 4119 tacimus,
612 4054 814 4120 quandoquidem
836 4055 899 4104 haec
921 4054 1009 4104 saltem
1033 4057 1182 4120 compositio
1201 4056 1276 4104 etiam

53 4142 175 4192 extremis
193 4139 319 4190 latinitatis
338 4141 491 4204 temporibus
509 4140 597 4189 usitata
615 4146 675 4191 erat.

163 4225 185 4291 3)
205 4225 319 4278 Woellfl.
338 4225 455 4291 Compar.
476 4242 500 4290 p.
513 4239 555 4286 44.

161 4310 183 4376 ⁴)
199 4309 311 4361 Woeltfl.
328 4310 417 4375 Comp.
435 4327 460 4374 p.
479 4312 524 4371 463
544 4311 609 4364 Sittl.
626 4307 703 4359 Afric.
722 4327 747 4375 p,
768 4322 824 4363 100.

162 4397 183 4458 ⁶)
200 4396 260 4450 edit,
277 4395 389 4448 Vindob.
406 4396 461 4444 Ind.
482 4413 506 4461 p.
526 4407 584 4460 450.

160 4480 183 4544 8)
201 4497 251 4545 quo
269 4481 326 4530 loco
343 4481 495 4542 Foersterus,
516 4482 643 4531 meliorum
655 4481 769 4531 codicum
781 4479 873 4530 familia
889 4481 936 4543 (L,
953 4481 992 4542 Α.,
1008 4480 1069 4543 Μο)
1087 4481 1150 4530 inter
1167 4482 1274 4545 pupilla,

55 4576 81 4617 et
99 4572 150 4624 ,cst‘
168 4567 237 4629 ,plus‘
257 4566 367 4616 inseruit.

161 4652 271 4716 ⁷)Haec
287 4653 369 4701 versio
387 4668 402 4701 a
420 4653 517 4702 Sittelio
535 4653 588 4701 Al'r.
606 4669 632 4717 p.
654 4665 706 4702 100.
729 4665 772 4702 101
793 4669 883 4712 errore,
903 4662 929 4702 ut
947 4654 1051 4714 videtur,
1077 4662 1135 4718 post
1159 4655 1274 4703 Commo·

55 4728 258 4801 diani'tempora
276 4737 385 4801 ponitur,
403 4753 461 4786 nam
478 4737 556 4785 versio
575 4736 623 4785 iam
648 4753 662 4784 a
685 4736 866 4786 Commodiano
892 4747 916 4786 et
939 4738 1061 4805 Cypriano
1080 4739 1199 4790 laudatur.
