3202 5296
790 422 830 483 25

706 510 907 520 ——-——

193 631 341 693 oratione
373 638 461 692 recta
494 649 568 692 cum
601 630 803 693 coniunctivo
837 629 1014 711 praesentis
1044 647 1067 693 s.
1097 627 1227 709 perfecti
1237 626 1264 709 ¹)
1294 635 1348 688 aut
1381 629 1413 690 in

192 744 329 827 obliqua
357 744 500 806 oratione
535 762 607 805 curn
639 741 811 806 indicativo
849 741 1096 827 coniunctum.²)
1134 743 1414 828 Temporibus

193 877 274 919 vero
302 858 451 940 respectis
479 856 556 919 satis
584 856 751 939 singularis
773 854 900 920 videtur
929 857 981 920 ilie
1010 858 1138 942 perfecti
1169 857 1324 939 temporis
1354 876 1415 938 pro

191 979 366 1050 praesente
377 987 463 1032 usus.
497 969 561 1034 Sed
578 971 760 1053 priusquam
775 968 958 1044 iudicemus,
971 970 1193 1053 percensenda
1205 978 1280 1032 sunt
1296 976 1413 1032 cetera.

368 1209 402 1273 11.
450 1209 625 1273 Enuntiata
647 1230 666 1272 a
688 1210 912 1272 coniunctione
927 1220 1028 1289 prout
1047 1209 1233 1290 pendentia.

348 1346 381 1428 a)
403 1347 434 1409 in
451 1349 594 1410 oratione
611 1357 699 1409 recta
714 1356 902 1410 occurrunt:
930 1347 957 1426 1)
981 1367 1006 1410 c.
1022 1344 1084 1409 ind.
1100 1365 1201 1429 praes.
1217 1355 1279 1410 ter:
1300 1361 1368 1424 131,
1383 1341 1411 1408 6.
1468 1343 1470 1347 ’

412 1473 542 1539 14519.
570 1472 638 1538 151,
653 1475 680 1538 3.
717 1458 750 1538 2)
772 1479 799 1521 c.
822 1459 894 1520 coni
922 1458 998 1540 perf.
1029 1459 1096 1520 sive
1126 1457 1190 1519 ind.
1220 1455 1275 1519 fut.
1309 1463 1411 1518 exact.

407 1577 534 1652 quater:
571 1585 639 1650 137,
665 1571 700 1632 18
706 1579 811 1650 potest
827 1568 875 1630 aa'
885 1568 1119 1651 malignitatem
1127 1569 1298 1649 pertinere,
1317 1577 1416 1647 prout

406 1690 509 1743 cetera
544 1680 640 1763 signa
670 1681 882 1762 congruerint.
938 1680 1004 1759 165,
1027 1697 1059 1742 11
1097 1678 1249 1741 medietas
1281 1700 1341 1740 non
1373 1700 1413 1740 ex

407 1801 702 1855 mensura—certa
723 1790 876 1872 capienda
897 1801 950 1864 est,
977 1790 1037 1852 sed
1047 1800 1148 1871 prout
1160 1811 1230 1852 eam
1250 1790 1335 1851 ratio
1349 1789 1413 1851 dz'c-

406 1903 531 1966 taoerit.
566 1903 634 1978 168,
647 1917 696 1983 25.
724 1903 822 1985 106,9.

345 2062 381 2146 1))
403 2065 433 2127 in
467 2066 614 2128 oratione
647 2065 778 2147 obliqua
811 2087 835 2129 c.
871 2067 952 2128 coni.
987 2063 1064 2148 peri.
1098 2069 1153 2142 (=
1183 2065 1265 2128 coni.
1295 2062 1411 2146 praes.)

406 2176 523 2243 semel:
562 2191 629 2257 105,
658 2194 690 2239 11
718 2176 825 2240 Larus
846 2214 888 2222 —
909 2176 1069 2239 constitnit
1095 2187 1207 2256 corpas
1230 2210 1268 2219 —
1283 2187 1348 2256 pro
1369 2176 1412 2239 vi·

405 2288 538 2350 vaci'tate
551 2289 605 2351 vel
620 2288 737 2351 inertia
753 2288 923 2370 sanguinis
944 2297 975 2349 et
980 2297 1081 2368 prout
1098 2288 1198 2349 tenra's
1217 2307 1271 2349 seu
1286 2308 1413 2349 crassus

405 2399 513 2480 rnagr's
525 2399 635 2478 suerit
656 2435 707 2476 -,
734 2398 815 2461 dare
835 2399 930 2481 signa
952 2398 1090 2462 diversa.

292 2559 407 2623 Mirum
430 2559 564 2624 fortasse
587 2561 714 2624 videtur
736 2570 802 2624 tam
826 2571 919 2624 caute
952 2582 1005 2624 me
1039 2558 1196 2624 interdum
1230 2558 1269 2623 de
1301 2557 1412 2623 modo·

185 2692 261 2735 rum
285 2669 491 2735 distinctione
514 2671 634 2754 (utrum
658 2674 739 2738 coni.
763 2674 841 2756 perf.
857 2694 897 2736 an
914 2670 976 2737 ind.
993 2673 1048 2738 fut.
1064 2682 1168 2735 exact.
1185 2672 1237 2754 sit)
1260 2680 1412 2746 statuere,

187 2782 382 2867 praesertim
406 2801 480 2846 cum
508 2783 624 2864 165,11
651 2793 684 2847 et
709 2784 777 2859 168,
793 2799 830 2865 25
855 2806 899 2847 ex
919 2786 1088 2848 enuntiatis
1104 2783 1325 2867 principalibus
1341 2783 1411 2847 luce

188 2894 341 2959 videatur
362 2898 474 2959 clarius
499 2916 570 2958 esse
595 2895 713 2958 formas
728 2895 898 2958 dictaverit
906 2903 940 2957 et
952 2897 1063 2976 fuerit
1077 2916 1146 2958 esse
1163 2895 1269 2957 futura
1285 2902 1410 2957 exacta.

185 3006 359 3070 Noluerim
376 3017 486 3070 tamen
501 3007 617 3070 horum
631 3006 808 3068 iuturomm
821 3006 1031 3089 patrocinium
1049 3009 1217 3088 suscipere.
1241 3005 1325 3068 Nam
1345 3006 1411 3067 sine
1428 3002 1431 3021 ¹

190 3118 260 3182 ullo
283 3119 422 3181 notionis
446 3118 626 3181 discrimine
649 3116 691 3179 ab
715 3115 892 3198 Anonymo
915 3114 1013 3179 modo
1036 3116 1257 3178 cuniunctivos
1279 3115 1412 3198 perfecti

189 3226 292 3293 modo
307 3230 483 3311 praesentis
497 3238 550 3291 aut
566 3229 789 3291 coniunctivos
802 3237 856 3290 aut
872 3226 1060 3291 indicativos
1076 3225 1218 3291 adhiberi
1234 3247 1298 3288 non
1314 3247 1410 3308 nega·

185 3341 245 3415 bit,
264 3340 319 3421 qui
332 3338 461 3421 legerit:
487 3355 554 3418 123,
573 3356 610 3416 14
621 3349 651 3400 et
660 3349 776 3420 quanta
788 3340 896 3421 magis·
910 3339 1144 3420 nmz'rlifnerint
1158 3349 1190 3400 et
1197 3339 1229 3400 si
1233 3338 1413 3419 plerunque

175 3449 360 3533 palpebras
381 3450 522 3533 tangunt,
538 3487 579 3494 -
590 3451 785 3530 prefitiatur,
814 3467 881 3530 123,
899 3468 910 3512 1
926 3449 1008 3512 oculi
1026 3450 1084 3531 qui
1103 3448 1149 3510 ad
1167 3460 1306 3529 superna
1327 3450 1416 3510 versi

183 3561 313 3624 suntsi
331 3561 427 3623 etiarn
443 3560 563 3641 pallidi
571 3561 709 3641 suerint,
733 3595 773 3603 —
786 3561 926 3639 faciant,
954 3562 1055 3640 108‚8
1086 3560 1119 3622 in
1148 3579 1326 3641 quocunqne
1347 3579 1410 3621 cor·

180 3682 265 3752 pore
278 3682 364 3751 pars
385 3706 426 3716 -
449 3670 555 3733 rnaior
567 3671 677 3749 fuerit
697 3704 749 3745 -—,
772 3670 825 3733 vel
842 3680 1006 3733 11111111-
1027 3691 1060 3732 se
1082 3671 1233 3753 conserat,
1246 3705 1286 3714 -
1309 3669 1411 3750 assig-

185 3789 309 3843 nantnr
330 3802 359 3845 e.
371 3801 401 3862 q.
415 3801 449 3858 s.‚
474 3779 589 3843 similia
611 3781 778 3863 permulta.
823 3779 936 3863 Itaque
958 3801 1072 3844 vereor
1093 3802 1134 3843 ne
1153 3781 1284 3843 omnino
1301 3791 1412 3841 auctor

186 3891 381 3956 coniunctivi
414 3891 544 3974 perfecti
575 3891 713 3954 formam
748 3893 947 3975 usurpaverit
981 3913 1038 3976 pro
1072 3891 1135 3954 ind.
1160 3912 1185 3956 s.
1208 3891 1287 3956 coni.
1322 3909 1411 3972 prae·

184 4002 287 4067 sentis
321 4000 407 4064 nulla
442 4001 503 4064 alia
539 4021 637 4064 causa
672 4003 844 4085 perductus
874 4002 933 4065 nisi
973 4014 1008 4066 ut
1042 4003 1199 4086 copiosior
1225 4009 1311 4063 esset
1343 4019 1410 4062 sen-

183 4114 298 4179 tentia.
309 4112 334 4188 3)

291 4415 311 4479 ¹)
328 4415 360 4469 ci.
379 4417 473 4480 Draeg.
490 4416 515 4466 Π
525 4413 541 4483 5
550 4417 609 4479 498,
622 4430 657 4468 rc.
676 4419 715 4466 De
733 4417 782 4467 hoc
796 4433 841 4467 usu
851 4418 932 4484 qualis
944 4419 976 4468 sit
988 4419 1056 4483 apud
1068 4418 1147 4472 Lucii.
1167 4419 1247 4469 Caiar.
1268 4420 1299 4468 cf.
1313 4418 1408 4477 Harrei,

182 4500 282 4552 Archiv
300 4500 335 4548 ΙΙΙ
353 4517 379 4565 p.
398 4511 429 4565 53
439 4517 476 4567 sq.

286 4582 315 4647 ²)
333 4585 426 4648 Draeg.
444 4586 583 4653 11416sq.
602 4601 662 4650 419.
679 4601 739 4648 42⁰·

287 4667 311 4736 ³)
329 4669 395 4720 Dico
413 4685 468 4719 eum
486 4686 508 4723 e.
521 4687 546 4734 g.
568 4681 666 4735 105,12
684 4679 709 4720 et
730 4682 827 4736 15314
844 4672 891 4721 nisi
906 4673 971 4722 coni.
984 4673 1046 4738 peri.
1059 4673 1219 4734 adhibuisset,
1236 4680 1263 4722 ut
1278 4686 1308 4733 14
1320 4674 1411 4722 ceteris

178 4754 250 4807 locis
268 4753 313 4816 (cf.
333 4769 407 4818 supra
424 4762 510 4808 enunt.
528 4773 543 4806 a
561 4772 616 4807 cunr
633 4757 721 4822 pend.)
740 4757 877 4822 positurum
895 4756 969 4806 fuisse
987 4756 1148 4808 indicativum
1165 4757 1308 4823 praesentis.
