3226 5310
678 332 695 390 9

82 537 146 599 lere
168 553 228 614 124
249 545 359 598 natum
383 555 452 598 esse
475 537 704 609 existimamus,
727 534 937 598 Polemonem
953 556 1039 608 vero,
1063 543 1097 596 ut
1113 535 1296 597 Foersterus

82 668 135 709 me
159 647 278 724 docuit,
302 656 464 709 mortuum
481 648 539 707 sub
556 646 719 709 Antonino
737 646 791 708 Pio
807 655 877 730 post
898 663 965 724 144,
990 646 1124 708 sortasse
1140 655 1209 728 post
1229 660 1296 726 155,

84 758 150 820 fieri
180 779 243 820 non
274 767 389 840 potest,
420 769 452 820 ut
481 758 556 819 talia
585 757 691 840 qualia
713 768 785 819 sunt
808 780 838 839 p.
867 774 982 834 124,11
1017 757 1167 819 Palemon
1190 767 1298 819 auctor

81 870 178 930 ettam
200 846 261 930 huc
281 868 320 930 de
340 889 438 930 causa
460 869 554 930 duim
571 869 709 949 <speciei
714 881 730 940 >
749 868 927 948 exemplum
950 869 981 929 in
1005 866 1085 930 libro
1110 889 1166 929 suo
1188 869 1301 930 extulit

81 1002 122 1042 ex
154 980 277 1041 herniae
308 1001 472 1042 suorum
506 989 679 1060 temporum
720 979 770 1041 vel
803 1000 832 1063 p.
867 981 980 1055 121,8.
1015 982 1082 1054 128,
1105 996 1152 1042 20.
1189 980 1298 1055 161,6

82 1092 201 1153 homini
225 1092 287 1153 lere
310 1091 436 1173 aequali
459 1101 566 1154 aetate
588 1091 753 1153 Polemoni
777 1102 809 1153 ut
832 1102 899 1154 erat
915 1090 1075 1174 Apuleius
1092 1093 1296 1166 ascribamus

81 1199 137 1263 sed
160 1202 260 1264 multo
284 1203 404 1264 iuniori.

184 1313 331 1396 Denique
358 1333 398 1375 ne
425 1315 455 1374 in
484 1333 632 1375 sermone
661 1310 789 1395 quidem
822 1314 922 1376 Rosio
952 1313 1051 1375 ullum
1087 1323 1200 1375 contra
1230 1313 1297 1375 Ma-

79 1422 270 1485 daurensem
294 1425 512 1485 testimonium
537 1425 639 1485 inesse
663 1420 794 1486 videtur.
836 1421 899 1485 Sed
922 1425 981 1485 hoc
1005 1444 1101 1506 quam
1123 1445 1187 1486 non
1213 1434 1298 1486 recte

80 1533 253 1614 protulerit,
282 1554 353 1596 cum
384 1534 435 1595 alii
457 1535 608 1595 viderunt
619 1533 688 1608 ¹)2),
717 1544 785 1595 tum
817 1535 955 1596 Maierus
983 1545 1221 1616 programmate
1245 1534 1297 1596 illo

80 1646 154 1706 satis
177 1645 331 1725 probavit.
377 1644 502 1705 Etenim
529 1643 701 1724 Apuleium
725 1653 889 1708 auctorem
914 1666 978 1707 non
1001 1666 1071 1707 esse
1094 1645 1147 1707 vel
1169 1668 1211 1707 ex
1235 1647 1295 1708 hoc

82 1752 198 1816 indicio
228 1765 369 1838 apparet,
406 1753 491 1837 quod
522 1756 557 1830 is,
597 1756 649 1836 qui
680 1756 1007 1837 physiognomoniam
1036 1755 1230 1838 compilavit,
1266 1767 1298 1817 ut

79 1866 158 1927 alias
169 1864 203 1948 ³),
230 1867 271 1927 ita
293 1865 480 1947 particulam
504 1874 657 1945 tanquam
677 1863 808 1948 33¹e⁸4),
833 1865 989 1948 Apuleius
1012 1868 1041 1928 in
1065 1876 1112 1930 tot
1127 1866 1210 1928 libris
1226 1886 1297 1928 nus-

79 1995 178 2057 quam
209 1985 349 2058 usurpat.
395 1975 446 2037 Ex
477 1976 576 2038 altera
605 1987 713 2039 autem
741 1987 831 2058 parte
861 1977 1174 2059 post-Apuleianum
1202 1978 1297 2039 luisse

81 2097 244 2158 auctorem
269 2089 354 2168 quod
373 2097 405 2150 et
428 2089 503 2168 quia
536 2088 760 2170 particularum
785 2109 843 2170 pro
866 2109 932 2150 acc.
956 2110 982 2150 c.
1009 2090 1061 2154 inl.
1085 2090 1296 2151 adhibitarum

78 2198 273 2280 frequentior
296 2219 368 2260 usus
378 2197 402 2280 5)
424 2207 455 2260 et
478 2199 540 2260 alia
562 2195 663 2279 digito
687 2208 862 2261 monstrare
885 2196 1038 2261 videntur.

346 2314 358 2341 ο

181 2435 321 2500 Remoto
349 2438 446 2519 igitur
476 2458 515 2499 ex
546 2439 605 2500 hac
635 2439 822 2519 quaestione
861 2435 977 2519 Apulei
1008 2439 1138 2500 nomine
1170 2439 1212 2500 ad
1242 2457 1297 2498 eos

81 2549 254 2622 veniamus,
278 2551 330 2631 qui
353 2557 426 2630 post
442 2547 575 2610 Rosium
599 2545 638 2610 de
661 2550 720 2610 hac
743 2567 776 2609 re
802 2549 999 2630 scripserunt.
1037 2550 1167 2612 Omisso
1189 2557 1296 2612 autem

78 2657 232 2741 Sauppio,
255 2661 306 2742 qui
331 2657 430 2722 edixit
445 2669 580 2733 tantum,
604 2678 667 2720 non
684 2658 770 2721 fulsit
786 2661 982 2740 argumentis
999 2661 1181 2741 opinionem
1198 2679 1295 2741 quam

79 2769 208 2852 protulit
238 2768 277 2832 de
307 2780 422 2845 aetate,
453 2771 559 2833 statim
590 2767 630 2831 ad
654 2769 807 2832 Maierum
833 2791 884 2832 me
907 2779 1040 2845 vertam,
1071 2772 1125 2851 qui
1141 2771 1205 2857 ‘vz'x
1226 2779 1298 2830 ante

77 2881 197 2942 saeculi
209 2892 242 2961 p.
261 2879 336 2943 Chr.
360 2902 388 2943 n.
412 2882 523 2960 qzcartz'
542 2881 663 2943 exz'tum
684 2881 751 2942 sive
772 2882 897 2942 initium
920 2881 1022 2961 quinti
1042 2883 1211 2960 confectum
1233 2902 1298 2941 esse

76 2993 135 3071 qui
154 3011 234 3052 nunc
254 2991 372 3072 legitur
393 2991 531 3053 libellum
555 3010 583 3072 p.
611 3007 733 3069 19—24
755 2993 950 3073 argumentis
974 2993 1130 3073 probavit,
1159 3011 1241 3073 quae
1265 3000 1297 3053 et

78 3121 120 3162 ex
150 3103 303 3164 sermonis
333 3101 577 3184 proprietatibus
605 3110 635 3162 et
665 3121 705 3162 ex
734 3102 828 3164 rebus
859 3104 888 3164 in
920 3102 1025 3165 libello
1056 3104 1124 3183 ipso
1154 3103 1296 3164 tractatis

76 3213 259 3295 assumpsit.
316 3211 373 3274 llla
405 3222 513 3275 autem
546 3214 720 3274 maximam
752 3222 876 3293 partem
907 3211 957 3272 vel
993 3220 1143 3273 contextu
1180 3211 1246 3273 libri
1276 3231 1295 3273 a

76 3322 245 3385 Foerstero
268 3333 298 3384 et
321 3321 518 3386 recensendo
542 3332 574 3384 et
598 3319 800 3384 emendando
824 3319 1004 3402 diligentius
1034 3323 1215 3383 examinato
1244 3321 1295 3383 vel

78 3435 265 3516 scriptorum
289 3454 436 3496 sermone
460 3444 491 3495 et
515 3434 669 3496 latinitate
700 3434 876 3495 accuratius
905 3434 1087 3515 perspectis,
1118 3433 1169 3494 vel
1193 3433 1295 3494 verbis

79 3545 191 3606 rectius
214 3543 394 3641 explanatis
416 3546 524 3607 statim
548 3553 704 3610 corruent.

179 3815 201 3880 ¹)
219 3816 321 3874 Becker,
340 3816 426 3865 Studia
445 3816 592 3880 Apuleiana.
612 3817 678 3869 Diss
697 3817 795 3878 Regim.
821 3817 884 3878 1879
902 3834 926 3880 p.
949 3831 984 3865 10.

178 3901 201 3965 ¹)
219 3903 318 3965 Mayen,
338 3903 377 3950 De
395 3900 519 3966 particulis
538 3901 606 3966 quod
624 3901 680 3964 quia
699 3901 813 3964 quoniam
834 3901 960 3964 quomodo
979 3908 1005 3948 ut
1018 3916 1064 3963 pro
1075 3915 1125 3950 acc.
1140 3916 1160 3948 c.
1175 3901 1218 3950 inl.
1238 3908 1294 3962 post

75 3988 152 4035 verba
168 3986 291 4034 sentiendi
308 3994 332 4035 et
349 3986 490 4034 declarandi
510 3985 607 4048 positis.
636 3986 701 4032 Diss.
723 3983 772 4032 Kil.
795 3984 859 4045 1889
877 4002 902 4048 p.
922 3998 961 4047 31.
980 4002 1003 4048 p.
1022 3985 1054 4044 48
1073 3985 1155 4033 adnot.
1179 3999 1198 4034 1.

176 4069 197 4133 ³)
215 4070 318 4128 Becker,
337 4087 360 4134 p.
383 4083 412 4118 10
429 4070 515 4118 adnot.
535 4083 556 4121 2.

176 4155 198 4216 ⁴)
217 4154 319 4215 Becker,
340 4172 364 4218 p.
386 4168 424 4204 10.

176 4236 197 4302 ⁶)
218 4238 281 4298 Qra'cz
303 4239 421 4303 particula
442 4256 492 4292 acc.
514 4256 535 4293 c,
554 4240 598 4293 inf.
622 4242 675 4289 vice
699 4241 808 4303 fungitur
832 4241 936 4304 primum
961 4242 986 4288 in
1012 4241 1126 4290 versione
1154 4239 1293 4303 Scripturae

78 4323 166 4373 Sacrae
184 4340 234 4388 qua
251 4339 308 4372 usus
326 4333 362 4373 est
380 4326 552 4383 Tertullianus,
576 4327 607 4372 ab
628 4327 759 4390 Anonymo
782 4328 820 4374 bis
837 4326 876 4391 (p¹
899 4339 952 4383 121,
965 4339 986 4388 3.
1011 4337 1065 4391 125,
1081 4339 1109 4374 12
1133 4324 1189 4375 (vid.
1205 4324 1294 4392 infr-l),

75 4409 107 4458 ab
126 4408 236 4472 Apuleio
259 4425 379 4475 nusquam
402 4410 539 4459 adhibetur.
579 4406 659 4468 Ratio,
685 4427 747 4475 quae
769 4411 833 4458 inter
855 4411 899 4458 has
921 4410 1052 4474 particulas
1075 4420 1099 4459 et
1123 4425 1174 4462 acc.
1200 4426 1222 4458 c.
1251 4411 1293 4460 inl.

73 4494 212 4553 intercedit,
240 4495 306 4558 apud
328 4495 460 4558 Apuleium
486 4504 523 4544 est
549 4509 576 4545 1:
599 4497 668 4557 32,6
696 4495 773 4558 (quod
795 4495 873 4557 nias,
901 4511 951 4547 acc.
975 4512 994 4544 c.
1022 4495 1067 4547 inf.
1092 4493 1201 4559 mles),
1228 4496 1295 4559 apud

75 4580 237 4642 Anonymum
263 4591 292 4630 1:
313 4592 351 4639 to,
365 4589 378 4642 5
401 4579 478 4643 (quod
495 4578 558 4640 pies,
581 4581 639 4645 quia
664 4580 711 4644 bis,
738 4596 788 4629 acc.
814 4596 835 4631 c.
863 4581 909 4635 iul.
934 4580 985 4628 lere
1008 4579 1112 4643 110168).
1148 4580 1182 4634 cs.
1205 4582 1295 4644 Mayen

71 4678 100 4727 p.
119 4672 162 4724 47.
181 4661 224 4723 48.
242 4669 267 4712 et
284 4664 336 4712 vid.
353 4664 407 4718 intr.
424 4680 449 4728 p.
470 4675 511 4728 53.
