3202 5296
835 425 872 481 12

351 629 458 709 Quare
472 628 588 691 dehac
601 628 737 710 primum
750 647 978 709 praemoneam
991 628 1315 709 physiognomoniam
1333 629 1467 693 latinam

184 771 197 801 ο
251 741 432 802 versionem
458 760 529 801 esse
559 737 721 820 quandam
751 738 903 801 selectam
929 740 1089 800 extribus
1117 740 1236 820 graecis
1266 740 1469 821 auctoribus3

248 849 376 933 quade
402 873 435 912 re
459 850 653 932 Anonynrus
677 853 742 932 ipse
765 873 796 934 p.
824 865 920 930 105,1
955 850 1039 912 hunc
1071 852 1100 912 in
1131 849 1260 913 modurn
1285 851 1469 934 praefatur:

249 965 302 1026 En
317 963 418 1026 tribus
433 963 611 1026 auctoribus
626 984 760 1043 qnorum
776 963 872 1024 libros
880 974 964 1042 prae
978 983 1074 1023 manu
1090 961 1197 1037 habnt,
1210 961 1293 1023 Loxi
1301 962 1325 1044 ¹)
1343 963 1469 1039 medici,

249 1075 426 1137 Aristotelis
435 1074 624 1156 philosopha}
638 1073 816 1135 Polemonis
830 1072 1051 1134 declamatoris
1065 1073 1121 1152 qni
1134 1072 1172 1133 de
1179 1073 1471 1155 physiognomonin
1514 1152 1517 1158 1

248 1187 447 1265 scripserunt,
470 1208 507 1247 en
529 1186 611 1267 elegi
630 1207 711 1266 qnae
731 1183 779 1245 nd
788 1185 935 1264 primam
957 1185 1177 1251 institutionem
1206 1184 1301 1246 lanius
1329 1186 1384 1246 rei
1396 1197 1471 1266 per-

249 1299 347 1360 tinent
366 1307 398 1357 et
417 1317 499 1376 qnae
512 1296 648 1375 facilzns
670 1295 895 1376 mtelligantnn.
934 1296 1026 1376 Quae
1049 1315 1119 1357 cum
1137 1297 1179 1356 ila
1195 1296 1266 1370 sint,
1283 1305 1472 1376 opportune

250 1409 394 1491 profecto
424 1405 553 1482 accidit,
584 1404 670 1488 quod
701 1426 889 1487 graecorum
923 1406 1152 1488 exemplarium
1175 1404 1262 1469 haud
1285 1405 1473 1488 spernenda

249 1520 385 1599 vestigia
402 1527 530 1586 restant,
555 1515 702 1599 Namque
715 1519 849 1601 primurn
867 1517 926 1578 sub
940 1516 1117 1579 Aristotelis
1136 1519 1265 1580 nomine
1278 1517 1472 1603 περιπάτου

250 1639 283 1691 ut
305 1627 430 1691 videtur
459 1626 591 1690 duarum
624 1629 982 1711 physiognomoniarum
1006 1627 1188 1710 reliquiae2)
1214 1619 1477 1705 cirumferuntur‚·

249 1761 331 1823 quae
354 1743 383 1803 ln
407 1741 509 1802 forma
524 1740 616 1800 nobis
632 1737 759 1821 quidem
775 1740 891 1800 tradita
907 1738 1005 1819 longe
1021 1738 1167 1801 exiliores
1184 1747 1267 1814 sunt,
1283 1758 1384 1821 quam
1400 1741 1472 1821 qui·

249 1852 306 1913 bus
322 1871 397 1913 usus
414 1859 460 1912 est
476 1850 675 1932 Anonymus,
693 1859 833 1912 attamen
846 1869 909 1911 non
923 1849 998 1911 nihil
1013 1850 1131 1911 faciunt
1143 1850 1173 1910 in
1185 1870 1261 1915 rem.
1291 1850 1376 1912 Dein
1390 1870 1471 1912 vero

250 1963 345 2024 etiam
370 1961 589 2023 PolemonIani
614 1960 680 2021 libri
705 1969 858 2041 excerpta
880 1957 944 2021 duo
967 1968 1094 2042 praesto
1117 1958 1225 2041 sunit)
1247 1979 1347 2021 unum
1374 1962 1472 2022 tertio
1515 2018 1517 2027 .

249 2071 377 2133 saeculo
407 2074 639 2153 conscriptum:
673 2070 859 2133 Adamantii
889 2068 1055 2133 cuiusdam
1085 2071 1297 2152 paraphrasis,
1328 2070 1471 2133 alterum
1512 2038 1517 2123 l

248 2184 318 2245 aevi
341 2183 501 2263 byzantini
518 2181 698 2244 Polemonis
713 2182 843 2244 noiuine
859 2191 1008 2244 ornatum
1022 2181 1056 2264 4).
1099 2178 1163 2242 Sed
1179 2182 1248 2254 hoc,
1265 2200 1470 2263 quamquam

249 2290 287 2354 ad
312 2293 536 2374 paraphrastae
559 2301 746 2355 contextum
771 2289 1019 2367 emendandum,
1044 2312 1118 2354 cum
1136 2293 1203 2354 eius
1220 2293 1260 2352 sit
1278 2291 1471 2372 epitoma,⁵)

250 2424 313 2464 non
337 2404 506 2466 mediocris
530 2406 684 2466 momenti
707 2413 764 2480 est,
788 2413 897 2466 tamen
922 2423 993 2465 cum
1021 2402 1097 2464 nihil
1128 2401 1234 2464 valeat
1265 2399 1305 2463 ad
1328 2403 1471 2481 genuina

249 2513 432 2576 Polemonis
456 2517 554 2577 verba
577 2512 820 2595 cognoscenda,
855 2534 874 2576 a
908 2514 997 2575 nobis
1032 2513 1205 2575 maximam
1239 2521 1361 2594 partem
1398 2514 1471 2575 sine

250 2622 368 2687 damno
385 2625 518 2706 relinqui
534 2634 650 2706 potest.
682 2626 775 2686 Mitto
791 2626 917 2687 tertium
935 2624 1055 2686 fontem
1073 2624 1249 2686 versionem
1263 2621 1471 2705 arabicamfi)

250 2737 430 2817 cumtypis
453 2733 594 2798 nondum
619 2733 769 2797 mandata
792 2737 831 2797 sit
855 2745 885 2797 et
909 2744 1013 2797 cetera
1036 2753 1120 2815 quae
1137 2734 1226 2795 attuli
1250 2734 1278 2794 in
1306 2741 1419 2795 nostra
1435 2754 1470 2794 re

250 2845 412 2909 sufficiant.

351 2992 443 3072 Quae
471 3000 520 3054 est
550 2992 644 3072 igitur
666 2991 752 3052 latini
775 2989 921 3070 opusculi
946 2986 1100 3061 condici0,
1124 2991 1154 3050 in
1185 2985 1379 3050 illustrandis
1403 3008 1469 3049 ser-

251 3104 355 3165 monis
394 3104 635 3185 proprietalibus
672 3121 736 3163 non
771 3100 871 3163 semel
904 3101 945 3162 ad
980 3119 1094 3182 graeca
1128 3098 1354 3161 recurrendum
1391 3098 1470 3173 erit,

251 3211 408 3295 simulque
439 3215 519 3274 inter
548 3212 666 3275 latinae
690 3211 815 3294 linguae
838 3212 1005 3294 scriptores
1029 3230 1103 3272 curn
1127 3209 1331 3271 ecclesiastici
1353 3217 1424 3269 tum
1452 3210 1472 3270 ii

251 3322 430 3407 inspiciendi
462 3332 571 3401 erunt,
604 3324 656 3405 qui
688 3324 764 3385 item
789 3321 983 3384 Graecorum
1013 3341 1112 3404 opera
1141 3320 1239 3382 latine
1269 3319 1470 3399 interpretati
1513 3358 1517 3415 t

251 3444 332 3508 sunt,
357 3435 430 3496 dico
451 3434 591 3501 Hermae
614 3435 757 3516 pastoris,
781 3433 911 3508 Irenaei,
935 3431 1086 3514 Asclepii,
1110 3441 1178 3494 tum
1191 3430 1351 3512 Vulgatae
1374 3431 1470 3491 inter·

251 3554 375 3626 pretes,
417 3544 635 3618 Chalcidiunr,
675 3543 834 3606 Cassium*
856 3542 1007 3617 Felicem,
1051 3541 1195 3605 Caelium
1242 3538 1470 3613 Aurelianum,

252 3655 408 3718 Soranum
434 3656 567 3718 latinum
591 3656 680 3719 alios,

354 3764 415 3829 Sed
444 3768 491 3831 his
515 3768 697 3849 praemissis
719 3786 787 3829 rem
818 3763 1037 3849 aggrediamur
1060 3766 1178 3848 ipsam;
1214 3781 1312 3844 quam
1336 3762 1379 3822 ita
1404 3759 1471 3823 lere

353 4082 374 4142 1)
392 4085 432 4130 De
454 4085 555 4132 nomme
578 4093 602 4133 et
621 4091 702 4134 aetate
725 4084 756 4132 cf.
775 4083 806 4132 R.
824 4081 945 4130 Foersteri
981 4082 1028 4137 ,De
1045 4077 1188 4128 Polemonis
1211 4075 1469 4139 pliysiognomonicis‘

253 4169 303 4220 xil.
330 4168 393 4217 1886
417 4169 501 4231 Progr.
524 4185 549 4233 p.
574 4169 589 4217 6
611 4169 668 4221 adn.
695 4181 716 4218 t.
751 4168 869 4216 Eiusdem
891 4167 942 4226 ,De
959 4165 1022 4214 Loxi
1039 4160 1273 4228 physiognomonia¹
1294 4159 1382 4211 Rhein,
1403 4159 1471 4209 Mus.

252 4254 332 4301 XLIII
351 4271 376 4317 p.
396 4263 547 4316 505-511.

248 4362 252 4366 ·
352 4340 373 4400 2)
392 4340 417 4386 In
427 4340 565 4389 Aristotelis
578 4340 635 4391 edit.
648 4338 716 4386 acad.
730 4338 827 4387 BorusS.
840 4337 890 4385 vol.
903 4337 927 4383 Il
939 4352 963 4400 p.
978 4335 1102 4397 805-14,
1115 4333 1147 4380 de
1159 4331 1248 4398 quibus
1261 4329 1291 4381 cf.
1302 4329 1334 4377 R.
1344 4328 1471 4379 Foersteri

253 4425 301 4482 ¹Dc
320 4425 458 4473 Aristotelis
476 4425 559 4472 indole
577 4428 633 4474 etc.‘

353 4511 374 4572 ³)
394 4510 467 4559 edids
477 4511 556 4558 Franz
574 4510 599 4556 in
618 4509 731 4572 Scriptor.
751 4507 885 4571 physiogu.
903 4513 951 4555 vet.

353 4594 374 4653 ⁴)
393 4595 432 4642 De
450 4592 489 4640 his
507 4594 537 4640 cl.
558 4592 680 4642 Foersteri
698 4592 738 4638 De
756 4591 851 4639 Polem.
869 4589 1000 4653 physIogn.
1019 4605 1046 4652 p.
1066 4599 1080 4649 3
1100 4601 1136 4650 sq.

353 4679 374 4733 ⁶)
394 4678 431 4731 Cf.
450 4679 489 4726 De
507 4677 561 4730 Pol,
580 4676 653 4741 Phys,
673 4692 731 4740 pag.
751 4687 765 4737 7
783 4690 838 4740 sqq.

353 4762 376 4830 ⁶)
395 4765 433 4812 De
450 4763 499 4815 hac
517 4763 548 4812 cf.
569 4763 608 4810 De
627 4762 719 4814 Polmn,
739 4760 808 4824 phys.
828 4775 852 4823 p.
872 4770 894 4810 2.
