3226 5310
691 378 729 436 23

605 465 806 474 ———

201 581 265 644 Sed
295 602 336 644 ne
366 580 480 645 diutius
508 583 537 644 in
571 582 858 664 praepositionibus
879 604 1054 660 versemur,
1086 582 1313 649 transeundum

99 703 148 756 est
170 691 209 757 ad
240 712 404 756 casuum
435 704 660 777 syntaxeos
688 691 870 770 idiotismos,
900 698 953 779 qui
982 693 1109 779 quidem
1139 693 1313 759 admodum

99 806 208 888 exigui
230 808 301 868 sunt
324 815 356 869 et
379 807 432 868 vix
453 807 573 869 habent
596 826 660 888 quo
683 807 818 868 auctoris
840 816 969 889 tempus
993 807 1170 872 definiatur.

201 917 313 1000 Itaque
339 918 380 981 de
406 914 513 980 dativo
540 937 760 980 commemoro
785 919 882 983 haec:
910 932 978 999 155,
993 920 1021 983 8.
1048 932 1145 999 1595
1170 920 1316 981 insonare

99 1030 174 1101 voci,
192 1030 327 1111 gutturi.
372 1028 471 1111 Quod
494 1030 573 1091 haec
597 1030 653 1090 vix
675 1027 892 1092 similitudines
919 1030 1040 1093 habere
1062 1028 1199 1093 Maierus
1223 1050 1251 1113 p.
1279 1045 1317 1109 19

100 1137 244 1215 adnotat,
275 1141 373 1202 exiis
397 1140 518 1202 scilicet
540 1159 621 1221 quos
645 1138 788 1203 laudavit
817 1138 911 1204 Ovidi
934 1149 966 1203 et
994 1139 1114 1222 Vergili
1136 1141 1220 1203 locis'
1237 1139 1315 1202 nihil

101 1249 206 1334 colligi
229 1259 351 1333 potest3
381 1260 493 1313 contra
516 1248 611 1315 Ovid.
625 1250 699 1313 Met.
723 1252 807 1332 1333
837 1251 970 1314 coercitae
997 1253 1123 1314 sonanti
1148 1252 1315 1331 inspirare,

101 1361 285 1445 exemplum
309 1365 448 1445 praebet,
483 1382 547 1445 quo
571 1360 726 1425 eiusmodi
753 1363 851 1425 verba
873 1364 999 1446 optimis
1020 1364 1219 1446 temporibus
1242 1382 1316 1424 cum

101 1470 210 1536 dativo
232 1482 414 1535 constructa
435 1492 506 1535 esse
528 1475 690 1555 probetur.

202 1581 266 1646 Sed
287 1584 383 1666 paulo
405 1581 554 1646 audacius
578 1581 696 1647 dictum
720 1583 845 1648 videtur
871 1585 990 1665 136,13
1014 1585 1174 1649 convenire
1194 1585 1320 1647 sibimet

101 1715 159 1777 pro
182 1669 344 1758 conienire
365 1694 447 1758 mter
467 1716 501 1756 se
529 1713 633 1777 neque
657 1716 718 1778 ego
742 1694 825 1759 aliud
856 1697 914 1759 uisi
943 1693 1029 1780 quod
1052 1697 1191 1759 Maierus
1226 1693 1318 1758 affert
1407 1689 1410 1694 ’

101 1805 146 1888 (p.
173 1803 225 1888 19)
247 1805 434 1888 exemplum
463 1808 580 1890 reperi:
612 1808 660 1872 Ps.
683 1805 795 1870 Soran.
819 1809 993 1889 quaestion.
1018 1804 1129 1872 medic.
1156 1805 1205 1870 ed.
1228 1805 1317 1869 Rose

101 1914 224 1980 Anecd.
248 1915 282 1979 ΙΙ.
307 1931 376 1996 245,
390 1933 430 1996 24
451 1916 505 1999 (V.
529 1917 657 2000 sacci).

203 2044 287 2107 Dein
302 2047 436 2107 verbum
445 2047 619 2125 permisceo
635 2066 664 2129 p.
685 2047 751 2121 126,
765 2064 795 2125 9,
809 2062 858 2124 24.
878 2059 945 2125 150,
962 2061 1008 2108 1ο.
1028 2059 1096 2125 151,
1112 2061 1158 2125 13.
1185 2057 1253 2124 157,
1268 2060 1317 2106 21.

105 2157 224 2236 158,15
250 2174 322 2218 cum
346 2153 453 2218 dativo
477 2158 685 2238 coniungitur.
723 2157 818 2238 Quae
840 2165 1007 2236 structura,
1031 2155 1103 2218 licet
1119 2158 1218 2218 rarius
1234 2154 1316 2229 alibi,

101 2275 212 2328 tamen
228 2269 362 2330 occurrit
375 2264 460 2351 apud
474 2267 609 2330 Plinium
626 2264 662 2330 N.
678 2268 719 2331 H.
734 2268 783 2347 36,
798 2285 846 2348 34,
861 2285 877 2347 3
894 2288 983 2329 cerae
991 2268 1183 2348 permixtus,
1206 2265 1316 2328 Silium

103 2376 247 2439 Italicum
263 2377 296 2440 X
311 2393 373 2458 259
387 2379 541 2458 coeptanti
552 2377 692 2440 attollere
709 2389 820 2458 corpus
827 2378 1016 2458 permiscuit
1024 2398 1136 2450 ensem,
1152 2375 1318 2440 Lucanum

101 2487 128 2550 11
153 2498 313 2568 253‚'tum
337 2487 423 2571 apud
446 2488 624 2570 Gargilium
648 2487 822 2551 Martialem
846 2505 959 2573 p.210,
974 2504 1023 2570 27,
1047 2488 1181 2551 fortasse
1207 2490 1274 2568 138,
1287 2507 1316 2568 9.

106 2601 238 2680 148,15.
266 2614 396 2681 152,10.
419 2637 461 2645 —
485 2600 542 2675 At,
566 2600 655 2682 quod
678 2601 780 2682 magis
804 2601 1039 2663 constructione
1057 2596 1246 2675 mirandum,
1270 2609 1318 2662 est

102 2732 212 2773 sensus
242 2712 417 2786 locutionis,
447 2713 500 2795 qui
531 2712 688 2773 iuvenitur
716 2733 747 2794 p.
782 2711 849 2785 126,
868 2730 897 2791 9,
916 2728 966 2791 24.
1006 2713 1101 2790 128,5
1130 2710 1211 2772 oculi
1237 2711 1320 2772 risui

94 2823 261 2905 permixti,
283 2822 363 2885 oculi
383 2824 467 2884 risui
484 2823 695 2904 voluptatique
708 2822 875 2902 permixti,
897 2822 978 2884 oculi
996 2832 1131 2884 tremore
1152 2831 1183 2883 et
1195 2821 1319 2901 pallore

97 2935 262 3014 permixti
291 2935 405 3018 quibus
433 2933 510 2997 locis
541 2952 652 2995 sensus
681 2951 751 2995 esse
773 2933 915 3010 videtur;
949 2932 1031 2994 omli
1057 2934 1134 3005 risu,
1163 2933 1318 3013 voluptate

102 3044 210 3125 affecti
229 3043 280 3107 vel
303 3045 386 3107 risui
410 3053 463 3106 etc.
485 3044 641 3124 proximi.
692 3044 761 3106 Hac
791 3053 899 3107 autem
921 3045 953 3107 vi
982 3040 1160 3126 praeditum
1183 3044 1315 3106 verbum

101 3153 188 3237 apud
204 3163 329 3218 ceteros
346 3156 512 3238 scriptores
528 3175 592 3216 non
609 3155 722 3237 legitur
737 3176 774 3218 ac
789 3176 830 3218 nc
844 3175 864 3218 a
879 3155 1016 3238 Gargilio
1027 3152 1158 3237 quidem
1171 3155 1316 3217 Martiale

101 3266 162 3329 nisi
191 3267 319 3348 proprio
347 3286 443 3328 sensu
472 3276 651 3349 usurpatur.
707 3267 813 3347 Quam
842 3266 884 3327 ob
914 3285 991 3345 rem,
1026 3286 1099 3328 cum
1133 3286 1173 3328 ne
1205 3283 1317 3346 graeca

100 3374 233 3458 quidem
256 3377 349 3439 huius
365 3396 475 3439 sensus
491 3377 637 3440 flexionis
653 3376 828 3461 Anonymo
843 3396 955 3438 ansam
970 3378 1225 3459 praebuerint-
1239 3397 1315 3439 nam

100 3508 131 3571 p.
149 3488 217 3563 126,
230 3506 251 3567 9
266 3512 305 3540 =
321 3487 387 3552 Ad.
405 3501 466 3567 354
481 3495 511 3555 el
522 3489 558 3555 dl
574 3499 628 3554 καὶ
643 3492 780 3579 palpem·
807 3487 875 3568 126,
888 3504 929 3565 24
941 3513 981 3540 =
993 3484 1055 3551 Ad.
1071 3487 1132 3567 356
1143 3486 1318 3572 ὀφθαλμοὶ

100 3598 148 3676 οἶς
170 3595 267 3686 ἡδονή
291 3609 347 3664 καὶ
368 3602 464 3680 γέλως
487 3600 619 3680 ἐνοικεῖ,
644 3599 711 3674 128,
726 3612 741 3678 5
759 3624 799 3651 =
814 3594 876 3659 Ad.
893 3597 954 3677 360
975 3604 1006 3664 el
1026 3599 1062 3664 δὲ
1076 3596 1192 3684 τρόμος
1208 3597 1317 3675 αὐτοῖς

101 3711 188 3796 ἐνείη
205 3719 260 3776 καὶ
274 3706 347 3793 ἅμα
364 3707 505 3797 ω’χρότης
520 3745 571 3792 —,
588 3729 627 3772 ea
639 3719 755 3784 aetate,
772 3727 837 3790 qua
847 3707 951 3770 floruit
963 3720 1081 3784 auctor,
1097 3728 1163 3771 vox
1175 3710 1316 3771 innatam

100 3830 135 3882 et
157 3820 282 3882 insitam
305 3821 369 3882 vim
391 3819 488 3901 plane
509 3821 573 3882 iam
595 3820 739 3882 amisisse
762 3816 922 3881 censenda
944 3829 1002 3882 est.

205 3945 331 4010 Deinde
353 3945 495 4009 dativum
518 3948 578 4009 axi
598 3955 686 4030 putat
710 3967 779 4009 esse
809 3946 948 4009 Maierus
980 3946 1023 4028 (p.
1050 3944 1100 4028 19)
1126 3947 1224 4030 117‚8
1247 3955 1318 4009 rota

98 4059 163 4121 axi
187 4075 346 4138 suspensa,
375 4077 512 4142 quocum
543 4058 665 4121 confert
693 4058 761 4120 Liv.
791 4057 814 4132 I,
843 4056 925 4132 26‚6
953 4055 1073 4136 infelici
1100 4057 1213 4119 arbori
1237 4067 1317 4119 reste

98 4167 288 4249 suspendite.
334 4165 400 4230 Sed
422 4170 447 4230 si
470 4170 517 4231 his
540 4164 878 4231 locisHildebrandius
901 4176 932 4229 et
947 4166 1228 4230 Weissenbomius
1250 4169 1316 4229 iure

99 4276 144 4343 de
177 4279 305 4342 ablativi
338 4279 440 4342 forma
470 4279 616 4343 obsoleta
648 4279 699 4342 vel
728 4280 846 4341 rectius
868 4275 908 4340 de
931 4277 1071 4340 locativo
1094 4279 1270 4360 cogitarunt
1281 4279 1315 4360 ¹),

100 4390 181 4473 quid
215 4386 366 4471 impedit,
417 4391 586 4472 quominus
620 4399 730 4453 nostro
764 4388 836 4452 loco
869 4386 954 4450 idem
988 4387 1186 4451 statuamus?
1234 4386 1315 4451 Nam

100 4498 230 4564 ablativi
252 4499 386 4562 formam
402 4500 463 4561 axi
475 4501 628 4581 praebent
645 4497 772 4562 codices
785 4499 858 4571 Erl,
875 4499 967 4562 Voss.
980 4500 1022 4576 84
1036 4509 1069 4561 et
1080 4498 1129 4564 86.
1154 4497 1316 4562 Ciceronis

207 4695 226 4758 ¹)
244 4695 288 4747 Dr.
306 4694 385 4758 1391.
