3226 5310
711 277 750 333 49
874 303 882 335 r

218 481 269 542 De
285 480 410 559 linguae
427 479 549 540 indiciis
565 499 632 541 rem
650 477 691 540 ad
705 475 801 539 finem
815 475 958 559 perduxi.
982 475 1097 540 Restat
1109 485 1334 558 argumentum

117 611 136 652 e
160 610 193 651 re
217 591 360 672 petitum,
384 586 469 671 quod
493 597 638 651 extremo
661 587 733 649 loco
756 607 840 649 nune
864 606 1053 670 proponam.

218 768 376 830 Praebent
399 763 524 829 codices
547 764 586 829 ad
610 786 710 827 unum
741 785 855 828 omnes
888 765 1037 827 omnibus
1064 781 1101 845 19
1129 761 1246 846 locis1)
1277 783 1334 846 pro

115 878 260 939 Polemon
276 878 463 959 scripturam
476 866 636 952 Palemon,
653 895 750 958 quam
765 874 894 953 Rosius,
910 877 963 959 qui
981 874 1154 958 Apuleium
1170 884 1333 938 auctorem

116 1009 189 1050 esse
212 988 273 1049 sibi
288 996 496 1070 persuaserat,
515 1007 533 1048 a
551 983 645 1048 medii
661 986 733 1048 aevi
749 976 860 1062 scriba,
885 987 939 1068 qui
955 987 1113 1068 cogitaret
1129 982 1168 1048 de
1183 984 1335 1047 Remmio

116 1098 321 1172 Palaemone,
345 1099 521 1182 intextum
547 1097 699 1159 intrusam
722 1115 795 1159 esse
818 1095 986 1178 putavit32)
1014 1105 1127 1159 contra
1149 1094 1335 1157 Foersterus

116 1209 284 1270 contendit
307 1209 411 1290 ipsum
436 1207 539 1290 operis
564 1215 729 1269 auctorem
753 1207 926 1288 genuinam
950 1206 1087 1268 nominis
1111 1206 1247 1268 sormam
1269 1224 1335 1267 non

117 1319 180 1380 iam
204 1315 371 1398 novisse.³)
416 1314 491 1398 Qua
514 1314 554 1379 de
576 1336 610 1378 re
632 1322 701 1382 viro
726 1316 914 1379 doctissimo
944 1325 1054 1378 contra
1075 1314 1209 1377 Rosium
1240 1314 1335 1397 plane

117 1427 304 1508 adstipulor.
334 1424 436 1490 Valde
453 1427 538 1489 enim
555 1427 620 1487 veri
636 1423 764 1488 videtur
780 1426 936 1489 dissimile
952 1446 1016 1488 non
1033 1427 1137 1488 minus
1153 1423 1334 1488 undevicies

58 1616 63 1622 .
117 1538 259 1599 librarios
284 1534 421 1599 eundem
445 1536 641 1598 commisisse
665 1535 845 1620 errorem,4)
868 1538 919 1619 qui
942 1538 1063 1619 optime
1093 1536 1279 1619 explicatur,
1310 1537 1334 1599 si

115 1669 189 1709 cum
219 1647 390 1709 Foerstero
426 1645 637 1728 Anonymum
671 1683 713 1690 —
747 1645 826 1709 falsa
859 1647 997 1733 fortasse
1030 1647 1100 1710 libri
1133 1647 1334 1729 inscriptione

115 1755 290 1839 deceptum
313 1766 526 1839 —putamus
554 1777 667 1820 verum
699 1777 818 1819 nomen
849 1760 1022 1840 ignorasse.
1066 1758 1151 1820 Turn
1179 1777 1256 1819 vero
1278 1757 1334 1819 vix

114 1868 218 1948 potuit
251 1864 365 1928 florere
399 1867 489 1928 tertio
522 1867 663 1929 saeculo.
727 1865 802 1949 Quo
836 1867 992 1932 Polemon
1026 1868 1251 1932 celeberrimus
1281 1866 1334 1930 ille

116 1979 232 2050 rhetor,
263 1977 294 2038 in
329 1996 384 2037 ore
419 1978 585 2039 bominum
623 1986 699 2039 erat.
760 1976 895 2042 Accedit
932 1980 1020 2062 quod
1053 1981 1100 2042 his
1133 1979 1333 2060 temporibus

117 2088 277 2149 famosam
294 2088 360 2148 eius
381 2107 453 2149 cum
475 2087 635 2149 Favorino
664 2087 862 2151 simultatem
893 2089 1098 2153 Philostratus
1127 2089 1223 2151 fusius
1252 2098 1332 2151 trac-

114 2198 205 2259 tavit.
250 2195 335 2275 Quin
352 2196 512 2278 Origenes
527 2198 621 2259 tertio
645 2197 776 2259 saeculo
798 2199 880 2260 inter
901 2200 1235 2281 physiognomonicae
1257 2198 1333 2261 artis

118 2316 266 2370 auctores
282 2326 354 2369 cunr
371 2306 448 2370 alios
465 2303 699 2369 commemorat
713 2315 782 2369 tum
805 2307 1056 2393 Polemonem.⁵)

217 2467 311 2549 Quae
341 2489 413 2530 cum
440 2470 483 2530 ita
513 2470 589 2548 sint,
623 2469 706 2531 haec
743 2469 810 2551 ipsa
839 2468 1008 2551 Anonymi
1052 2471 1228 2554 ignorantia
1263 2491 1332 2534 sen·

112 2579 232 2641 tentiae
260 2598 358 2661 quam
388 2579 621 2661 proposuimus
651 2580 736 2642 adeo
765 2599 830 2641 non
860 2590 1026 2664 repugnat,
1062 2590 1098 2643 ut
1123 2602 1196 2647 eam
1223 2582 1333 2646 fulciat

114 2701 145 2749 et
172 2688 365 2752 corroboret.

111 3039 173 3072 sane
199 3024 278 3088 digito
305 3031 439 3073 monstrare
469 3026 585 3075 videntur
613 3041 669 3075 eum
695 3027 759 3077 inter
790 3028 865 3078 Afros
891 3030 1035 3094 ponendum
1062 3046 1122 3080 esse.
1172 3031 1248 3094 Quod
1279 3050 1332 3083 non

112 3109 234 3168 miramur,
252 3109 454 3174 quandoquidem
472 3110 501 3157 iis
518 3111 580 3174 ipsis
598 3113 763 3176 temporibus,
791 3114 822 3162 de
847 3115 937 3179 quibus
954 3115 1058 3180 agimus,
1082 3130 1139 3165 cum
1162 3116 1256 3166 litterae
1279 3127 1331 3167 tum

114 3193 176 3240 haec
195 3193 276 3241 studia
292 3194 411 3243 naturalia
429 3211 504 3259 quam
522 3196 628 3244 maxime
648 3197 672 3245 in
692 3197 777 3246 Africa
796 3197 926 3249 florebant.

215 3327 409 3391 ¹)pp.1o5,2.
436 3342 541 3389 124,rr.
569 3341 657 3394 125,4.
687 3333 742 3393 126,
755 3345 778 3395 3.
803 3333 909 3394 128‚2o.
936 3347 1047 3398 r3r,ro.
1075 3338 1215 3398 143,1,16.
1243 3338 1333 3398 148,6.

115 3420 203 3473 152,7.
230 3413 388 3474 156,21,29.
415 3415 468 3474 161,
482 3425 506 3476 7,
521 3427 559 3478 13·
585 3416 639 3481 163,
650 3428 673 3479 3.
695 3418 800 3481 165,18.
828 3420 883 3483 169,
898 3421 1038 3481 14,16,21.
1069 3421 1194 3470 Polenwne
1211 3424 1288 3472 semel
1306 3425 1332 3472 in

110 3496 168 3546 cod.
187 3496 269 3548 Oxon.
291 3497 382 3562 156,21
409 3506 482 3547 extat.
516 3501 557 3548 De
579 3501 697 3567 scriptura
719 3502 833 3551 Polemon
855 3505 881 3552 in
907 3503 1012 3555 Molinii¹
1027 3505 1135 3554 editione
1159 3506 1191 3558 cs.
1210 3507 1328 3567 Foerster,

110 3579 212 3641 Quaest.
225 3581 296 3644 phys.
315 3598 339 3646 p.
359 3593 381 3642 7.
411 3584 494 3633 Potuit
511 3584 636 3646 Molinius,
659 3586 728 3635 cuius
746 3587 822 3636 editio
847 3598 911 3651 1549
928 3589 1043 3652 Lugduni
1060 3590 1148 3638 emissa
1172 3599 1216 3651 est,
1240 3600 1330 3640 rectam

109 3665 218 3712 nominis
236 3665 338 3714 formam
355 3667 450 3716 haurire
469 3683 482 3716 e
500 3669 752 3719 Pseudo-Polemonis
768 3672 1024 3736 physiognomonicis,
1050 3688 1113 3738 quae
1131 3679 1246 3737 quattuor
1257 3675 1330 3723 annis

110 3758 168 3796 ante
191 3758 251 3811 1545
271 3750 366 3798 Romae
384 3753 448 3817 typis
465 3755 582 3802 mandata
600 3762 679 3809 erant.
1326 3750 1329 3757 ¹

213 3865 372 3930 ²)Anecdot.
391 3873 402 3919 l
420 3888 445 3935 p.
464 3873 497 3920 62
515 3888 572 3921 cum
590 3874 674 3923 adnot.

160 4021 166 4034 ·
211 3997 233 4059 ³)
253 3995 356 4058 Quaest.
372 3998 445 4062 phys.
463 4015 488 4062 p.
508 4011 530 4060 7.

211 4123 231 4184 ⁴)
248 4124 378 4174 Praeterea
390 4127 430 4174 vix
448 4127 607 4196 intellegitur,
625 4130 753 4194 quomodo
770 4131 865 4179 scribae
884 4130 915 4178 de
929 4131 1087 4192 Palaemone,
1106 4132 1267 4194 grammatico
1286 4133 1330 4182 illo

108 4206 312 4270 praeclarissimo,
335 4211 444 4272 cogitare
461 4214 591 4275 potuerint,
614 4229 671 4263 cum
694 4227 724 4262 ex
745 4215 826 4277 126,3
851 4215 910 4262 tales
926 4215 1039 4263 Polemon
1056 4222 1141 4264 auctor
1163 4216 1234 4279 refert
1248 4217 1331 4279 sitisse

107 4290 188 4338 oculos
204 4291 332 4340 Hadriani
346 4294 502 4357 imperatoris,
519 4297 568 4346 iam
587 4313 618 4346 ex
639 4297 695 4358 128,
708 4311 749 4367 23,
774 4314 824 4364 quo
840 4299 898 4350 loco
923 4299 954 4346 de
971 4298 1094 4349 Favorino
1120 4301 1241 4365 aequali
1258 4301 1330 4350 huius

109 4376 251 4425 Polemonis
269 4378 356 4441 agitur,
375 4379 430 4428 luce
448 4380 479 4429 sit
494 4380 582 4430 clarius
594 4383 837 4447 physiognomoniae
848 4399 953 4446 graecae
965 4391 1091 4433 auctorem
1106 4384 1216 4435 secundo
1228 4387 1329 4435 saeculo

109 4459 191 4519 tuisse,
211 4476 261 4508 non
281 4469 307 4510 ut
324 4463 468 4513 Remmium
486 4465 663 4514 Palaemonem
682 4466 776 4516 Tiberii
795 4468 957 4535 temporibus.

210 4572 233 4636 ⁶)
252 4588 274 4624 c.
295 4572 361 4626 Cels.
378 4573 389 4622 1
408 4572 425 4641 ξ
443 4586 475 4637 33
493 4592 518 4638 p.
536 4577 568 4624 26
586 4576 684 4626 Lomm.
