3202 5296
309 1700 387 1804 De
404 1741 519 1825 Apulei
541 1762 624 1825 quae
648 1742 745 1804 fertur
762 1742 1068 1825 physiognomoniae
1090 1749 1200 1803 aetate
1212 1761 1406 1824 magnopere

185 1855 245 1916 viri
276 1851 358 1916 docti
386 1850 581 1928 dissentiunt,
611 1874 654 1915 ex
683 1873 748 1935 quo
778 1861 925 1934 tempore
953 1852 1142 1914 Valentinus
1184 1852 1300 1914 Rosius
1332 1872 1403 1914 eam

185 1962 295 2027 edidit.
305 1963 330 2038 ¹)
374 1963 499 2025 Erravit
520 1972 628 2025 autem
651 1963 778 2040 Rosius,
808 1982 880 2025 curn
905 1963 964 2024 sibi
989 1963 1152 2026 videretur
1174 1963 1297 2044 primus
1321 1964 1405 2025 bunc

185 2075 302 2137 librum
319 2074 413 2157 prelis
427 2073 604 2136 tradidisse.
637 2072 759 2136 Primus
776 2073 860 2135 enim
877 2093 961 2135 anno
983 2086 1062 2153 1549
1078 2071 1239 2135 Antonius
1255 2072 1406 2136 Molinius

184 2183 428 2247 Matisconensis
450 2184 604 2265 anonymi
625 2185 789 2247 cuiusdam
807 2183 1134 2266 physiognomoniam
1151 2181 1325 2252 secundum
1342 2193 1406 2247 tres

183 2305 336 2358 auctores
359 2294 474 2377 publici
497 2295 571 2356 iuris
595 2293 686 2374 secit3
709 2315 821 2357 verum
845 2295 924 2356 baec
950 2291 1054 2369 editio
1078 2294 1224 2374 quamvis
1240 2314 1303 2355 non
1322 2314 1406 2376 sper-

183 2402 294 2469 nenda
316 2403 415 2481 luerit,
443 2393 625 2487 temporum
649 2406 784 2477 decursu
808 2404 900 2487 plane
932 2403 1112 2466 oblitterata
1134 2411 1181 2466 est
1203 2424 1309 2485 neque
1333 2415 1406 2467 ante

184 2519 272 2578 hunc
295 2534 413 2577 annum
446 2516 625 2598 proximum
651 2513 788 2578 Ricardo
811 2515 983 2577 Foerstero
1015 2515 1213 2597 praeceptori
1243 2515 1407 2576 carissimo

186 2626 329 2709 contigit,
351 2635 386 2688 ut
409 2626 544 2708 priscum
568 2625 654 2687 illum
679 2625 822 2687 libellum
845 2625 875 2686 in
899 2624 1094 2687 bibliotheca
1109 2625 1195 2707 regia
1212 2623 1408 2688 Berolinensi

185 2736 452 2820 deprehenderet.
462 2735 490 2818 ²)

291 2844 455 2910 Secundus
474 2854 583 2909 autern
599 2843 701 2909 editor
714 2845 831 2909 Rosius
846 2845 1168 2929 physiognomoniam
1185 2846 1254 2908 sine
1270 2847 1407 2908 auctoris

187 2959 319 3020 nomine
341 2944 493 3019 traditam
518 2965 604 3017 certo
627 2975 691 3019 non
716 2955 822 3019 solum
845 2957 989 3039 tempori,
1012 2953 1070 3018 sed
1093 2956 1189 3018 etiam
1206 2957 1325 3019 auctori
1343 2976 1407 3019 non

185 3066 342 3130 dubitavit
364 3067 537 3129 attribuere
560 3065 699 3149 Apuleio
722 3065 922 3129 Madaurensi
944 3066 989 3149 (p.
1006 3067 1145 3149 72—86;
1168 3087 1198 3150 p.
1220 3065 1301 3149 102).
1349 3065 1407 3128 Cui

186 3178 330 3261 opinioni
373 3176 517 3239 oblocuti
561 3185 635 3239 sunt
671 3188 703 3239 et
748 3178 903 3261 Sauppius
940 3179 970 3239 in
1004 3176 1147 3240 editionis
1185 3178 1371 3240 recensione
1381 3176 1408 3260 ³)

184 3299 219 3351 et
253 3308 366 3350 omnes
399 3288 450 3369 qui
488 3296 561 3370 post
594 3307 668 3350 eum
700 3288 741 3349 de
764 3290 823 3351 bac
846 3310 879 3350 re
902 3298 1042 3369 egerunt.
1088 3288 1140 3351 De
1162 3298 1306 3370 ternpore
1330 3309 1405 3350 curn

184 3399 289 3462 Rosio
324 3399 483 3460 consentit
517 3398 677 3480 Sauppius
711 3403 723 3475 (
732 3418 762 3481 p.
797 3416 846 3463 22.
878 3410 941 3478 23).
992 3399 1096 3462 Aliter
1124 3399 1274 3461 iudicavit
1304 3396 1407 3461 Ferdi·

185 3510 317 3572 nandus
333 3507 515 3590 Maierus4),
540 3509 594 3590 qui
617 3529 650 3571 re
673 3511 807 3592 primurn
832 3511 1009 3576 accuratius
1032 3511 1215 3572 examinata
1230 3528 1294 3571 non
1311 3529 1407 3592 posse

186 3621 269 3683 dixit
298 3619 437 3683 libellum
468 3628 542 3682 ante
570 3618 624 3682 lV¹
651 3620 770 3683 saeculi
799 3619 896 3684 finem
926 3619 979 3683 vel
1009 3618 1048 3681 Vi
1074 3621 1196 3682 initium
1231 3620 1407 3682 conflatum

186 3751 272 3796 esse.
318 3727 472 3792 Ricardus
494 3740 603 3793 autem
626 3730 848 3809 Foersterus⁵)
877 3730 917 3795 de
946 3732 1039 3794 tertio
1061 3731 1113 3794 vel
1145 3730 1409 3814 quartosaeculo

187 3842 334 3923 cogitare
356 3838 489 3904 videtur.

294 4037 313 4100 ¹)
332 4037 463 4087 Anecdota
480 4052 570 4100 graeca
588 4047 612 4086 et
629 4038 805 4100 graecolatina,
826 4037 887 4086 Helt
904 4039 924 4103 1,
942 4038 1024 4087 Berlin
1045 4036 1117 4097 1864.
1134 4053 1159 4101 p.
1179 4047 1304 4100 59—170.

295 4121 315 4186 ²)
332 4122 364 4172 cf.
381 4123 413 4176 R.
425 4121 546 4182 Foerster,
565 4122 730 4185 Quaestiones
747 4121 1011 4188 plrysiognomonicae‚
1030 4120 1199 4183 Kiliae1890.
1218 4138 1245 4184 p.
1262 4134 1321 4186 rsq.

294 4207 316 4270 ³)
335 4207 404 4256 Gott.
422 4207 470 4272 gel.
489 4208 552 4256 Anz.
573 4207 646 4256 1866.
667 4208 712 4256 Bd.
732 4208 744 4256 I
761 4224 792 4271 p.·
805 4208 913 4260 21-26.

293 4292 316 4356 ⁴)
336 4293 375 4340 De
394 4291 520 4356 Anonymi
536 4292 766 4356 physiognomouia
777 4292 884 4356 Apuleio
902 4291 966 4340 laiso
984 4290 1130 4340 adiudicata
1159 4291 1317 4340 Bruchsaliae
1333 4289 1406 4340 1880.

188 4381 280 4441 Progr.

293 4461 315 4529 ⁵)
334 4461 366 4512 ci.
384 4463 425 4511 De
443 4462 535 4527 Apulei
552 4477 615 4528 quae
633 4461 707 4510 fertur
723 4461 858 4526 physiogn.
876 4461 1030 4509 recensenda
1053 4468 1078 4508 et
1100 4460 1260 4509 emendanda
1286 4460 1310 4508 iu
1328 4458 1414 4522 Jahrb.

186 4550 206 4601 f.
239 4546 311 4595 class.
335 4545 425 4601 Philol.
443 4548 500 4598 XV.
520 4547 608 4612 Suppl.
630 4548 691 4611 Lpz.
719 4545 791 4608 1887.
817 4563 842 4610 p.
868 4545 1011 4609 559-61.
1034 4553 1058 4594 et
1080 4545 1190 4594 eiusdem
1212 4546 1252 4594 De
1275 4544 1414 4594 Aristotelis

187 4647 256 4699 quae
280 4631 390 4680 feruntur
414 4631 708 4698 physiognomonicorum
727 4632 811 4681 indole
828 4647 857 4681 ac
869 4631 1024 4692 condicione,
1042 4630 1067 4680 in
1086 4631 1177 4686 philol.
1197 4629 1324 4682 Abhaudl.
1343 4630 1360 4687 f.
1379 4630 1412 4685 M.

190 4719 280 4767 Hertz.
307 4716 373 4766 Berl.
393 4717 466 4768 1888.
483 4734 510 4783 p.
529 4717 587 4780 298.
