3226 5310
671 252 711 310 47

588 337 789 348 ——

82 455 156 518 licet
177 455 358 538 singillatim
381 456 474 518 tertio
498 453 628 518 saeculo
650 453 702 516 vel
718 455 846 517 ineunte
862 463 975 538 quarto
990 466 1143 532 occurrat,
1167 453 1296 519 demum

84 567 163 628 inter
185 566 370 648 Hieronymi
394 563 547 647 aequales
570 564 600 626 in
624 584 717 626 usum
741 561 935 629 cotidianum
958 567 1059 629 ascita
1081 564 1172 650 est1).

184 675 305 740 Verum
327 696 368 739 ne
391 676 507 739 nimius
531 676 588 737 sim
612 675 642 738 in
658 695 692 738 re
713 685 835 757 aperta,
860 695 957 738 unam
980 675 1109 760 phrasin
1133 664 1314 760 Anonymi

84 787 365 850 commemorabo:
392 785 656 849 conversationem
667 784 854 862 humanam,
878 805 962 867 quae
977 807 1008 869 p.
1028 803 1096 862 111,
1111 803 1146 849 12
1159 785 1298 870 -quod

52 944 57 953 .
83 895 485 981 permirum—adhibetur
506 916 562 980 pro
584 916 689 959 rerum
713 897 923 959 humanarum
936 894 1135 959 volubilitate
1147 904 1178 959 et
1190 899 1298 961 incon-

83 1009 211 1071 stantia.
235 1009 333 1092 Atqui
356 1009 439 1071 hunc
454 1027 584 1070 sensum
607 1007 699 1069 vocis
713 1007 958 1089 conversatiolin
973 1016 1043 1070 tota
1065 1007 1218 1072 latinitate
1234 1010 1299 1073 lere

84 1118 198 1183 frustra
220 1122 371 1202 quaeres
410 1119 503 1221 Narq
519 1120 637 1181 omisso
666 1127 775 1181 nostro
798 1118 871 1180 loco
893 1118 943 1180 bis
965 1128 1089 1181 tautum
1112 1117 1243 1200 legitur:
1268 1121 1298 1182 in

85 1229 194 1294 Aureli
224 1229 362 1295 Victoris
395 1231 535 1313 epitoma
566 1234 655 1313 (post
671 1243 728 1310 395
747 1252 776 1311 p.
789 1227 883 1314 ΟΡ),
918 1239 986 1291 tum
1020 1229 1107 1312 apud
1141 1249 1214 1292 eum
1245 1232 1299 1312 qui

84 1361 186 1423 nuper
214 1361 233 1404 a
263 1339 440 1424 Scheppsio
473 1340 617 1403 detectus
652 1349 715 1416 est,
753 1340 982 1403 Priscillianum
1015 1338 1047 1423 (†
1062 1341 1120 1421 385
1151 1360 1182 1423 p.
1205 1339 1257 1424 C.)
1277 1349 1298 1417 ).

186 1448 318 1516 Videtur
332 1453 428 1533 igitur
442 1459 562 1514 certum
579 1469 708 1514 sensum
728 1469 804 1533 prae
827 1470 864 1513 se
879 1450 986 1514 tulisse
1002 1471 1042 1514 eo
1059 1452 1128 1534 ipso
1143 1461 1299 1535 tempore,

86 1562 137 1622 cui
159 1571 208 1624 tot
231 1562 290 1624 alia
314 1571 500 1645 argumenta
524 1571 558 1624 ut
570 1571 715 1624 nostrum
732 1560 872 1624 libellum
897 1562 1092 1626 ascribamus
1117 1564 1253 1626 suadent
1263 1562 1298 1644 ⁴).

183 1748 253 1828 Jam
267 1767 354 1811 -vero
376 1749 474 1812 etiam
496 1757 622 1811 constat
644 1767 708 1811 non
731 1767 787 1831 per
809 1749 918 1812 omnia
941 1748 1069 1831 linguae
1093 1749 1210 1813 latinae
1234 1770 1297 1814 sae-

86 1857 157 1921 cula
184 1878 282 1922 unam
306 1879 374 1922 rem
405 1856 518 1922 eadem
542 1879 670 1941 semper
692 1879 775 1921 voce
797 1857 975 1942 significari,
1006 1861 1062 1923 sed
1087 1895 1126 1906 -
1150 1863 1300 1944 imprimis

86 1970 238 2031 extremis
262 1968 421 2032 latinitatis
443 1971 697 2051 temporibus-
717 1968 878 2051 permulta
899 1970 1041 2052 priorum
1057 1979 1221 2033 auctorum
1246 1993 1300 2034 vo-

86 2079 202 2143 cabula
227 2099 354 2163 prorsus
378 2081 558 2147 evanuisse.
604 2079 645 2143 Et
667 2090 753 2144 recte
776 2090 885 2143 monet
909 2080 1081 2144 Horatius:
1176 2077 1179 2086 ’

306 2190 349 2255 Ut
366 2191 467 2254 siluae
479 2190 575 2271 foliis
591 2202 708 2272 pronos
729 2198 896 2252 rrrutontur
917 2191 950 2253 in
971 2211 1079 2264 annos,

247 2386 249 2391 Ι
293 2303 407 2384 prima
435 2301 568 2384 catuna·
589 2302 635 2364 ita
664 2300 832 2363 uerborum
862 2310 951 2363 uetus
976 2301 1085 2363 interit
1103 2312 1199 2365 aetas.

188 2411 234 2476 lta
267 2411 440 2477 Woelfflini
475 2411 724 2495 diligentissimis
755 2408 864 2473 studiis
898 2413 998 2474 verba
1030 2412 1166 2488 morbus,
1199 2424 1300 2494 saepe,

86 2533 185 2603 snpra
213 2523 341 2586 modam
369 2524 487 2586 scimus
518 2523 747 2605 posterioribus
780 2521 914 2585 saeculis
945 2523 1143 2586 obsolevisse
1176 2533 1207 2587 et
1237 2525 1299 2586 alia

89 2634 187 2697 verba
210 2636 240 2698 in
263 2654 374 2697 eorum
398 2633 487 2697 locos
509 2634 711 2697 successisse.

189 2745 274 2808 Nam
303 2764 377 2808 cum
400 2745 530 2807 morbus
552 2746 649 2808 etiam
674 2742 759 2828 apud
780 2746 862 2808 tertii
886 2743 1006 2807 saeculi
1030 2745 1199 2827 scriptores
1214 2747 1303 2809 Sere·

87 2875 164 2919 num
187 2856 437 2933 Sammonicum,
461 2856 637 2939 Gargilium
665 2857 844 2919 Martialem
876 2856 954 2919 alios
977 2857 1161 2938 reperiatur,
1195 2866 1302 2919 tamen

88 2968 185 3030 rarius
218 2977 315 3049 atque
355 2968 454 3029 rarius
487 2967 631 3041 occurrit,
651 2953 783 3030 'contra
816 2966 997 3049 infirmitas,
1033 2967 1155 3038 ortium,
1184 2969 1303 3047 passio,

87 3076 255 3159 aegritudo
277 3077 327 3140 all.
349 3076 533 3160 praevalere
555 3088 731 3160 coeperunt
744 3076 780 3161 ⁵).

189 3188 250 3251 Pro
280 3198 374 3268 saepe
399 3188 577 3250 emoriente
604 3197 671 3251 tam
702 3189 911 3252 vehementer
937 3191 1024 3253 irruit
1036 3191 1236 3271 frequenter,
1269 3200 1304 3252 ut

87 3298 152 3360 iam
174 3297 232 3362 lV¹
249 3318 334 3363 saec.
356 3297 419 3362 fine
442 3299 528 3382 apud
552 3297 722 3382 Vegetium
750 3297 790 3362 de
814 3298 987 3363 mulomed.
1010 3302 1090 3364 ratio
1119 3321 1203 3383 quae
1226 3303 1306 3364 inter

191 3476 210 3541 ¹)
227 3478 393 3536 subsannatio,
419 3479 567 3537 aninmsitas,
592 3479 782 3544 (contrarietas),
799 3480 974 3544 (calcaneum)
995 3481 1121 3538 sensualis,
1150 3480 1305 3548 incongruus,

87 3560 287 3625 (accorporatus),
308 3563 482 3629 (subiugatus),
493 3550 496 3565 ⁶
506 3564 645 3622 tcm'bilitcr,
663 3571 771 3632 econtra3
790 3566 936 3631 geniculum,
954 3565 1068 3630 suffragii,
1086 3567 1208 3624 sollicitus,
1226 3573 1305 3630 srqtcr·

88 3645 173 3693 ducere
189 3645 223 3699 al,

191 3729 212 3792 ²)
228 3732 297 3781 Dicit
314 3741 398 3783 auctor
414 3748 469 3799 cap.
487 3734 579 3795 XVlIl,
588 3747 602 3797 3
620 3735 652 3784 de
670 3735 817 3802 imperatore
834 3734 975 3788 Pertinace:
993 3734 1080 3783 Huim
1097 3741 1170 3799 capnt
1185 3739 1234 3784 tota
1250 3733 1307 3786 urle

88 3818 270 3876 circumuectum
297 3824 338 3870 est.
373 3819 428 3866 Hoc
449 3819 517 3867 exitu
539 3819 597 3868 obiit
617 3820 657 3868 uir
676 3822 717 3869 ad
736 3822 884 3869 hunuanae
901 3821 1147 3869 conversationis
1164 3823 1304 3885 eucarpium.

88 3908 182 3956 Auctor
199 3905 331 3974 epitomae,
348 3920 405 3954 cum
422 3911 533 3956 extremo
550 3906 608 3956 lo'co
625 3916 684 3970 agat
703 3907 734 3956 de
757 3905 906 3956 Theodosio
925 3904 955 3971 (†
967 3917 1015 3970 395
1033 3923 1057 3970 p.
1072 3907 1120 3971 C),
1140 3915 1196 3971 post
1215 3923 1305 3957 annum

88 4000 137 4054 395
157 4007 181 4054 p.
199 3990 255 4043 Chr.
274 3990 401 4055 scripsisse
419 3991 561 4041 censendus
578 4000 623 4042 est.

190 4074 211 4143 ³)
227 4075 268 4141 qui
295 4076 399 4141 praebet
426 4092 450 4140 p.
471 4086 549 4141 57,3:
573 4077 637 4125 vaae
661 4077 784 4125 humanae
807 4077 1001 4134 corwcrsationcs,
1028 4075 1059 4127 de
1083 4076 1151 4128 cuius
1177 4076 1307 4129 locutionis

87 4177 165 4212 sensu
191 4162 302 4211 dubitare
330 4176 379 4211 non
403 4177 540 4226 possumus,
574 4162 594 4210 si
625 4161 769 4227 respicimus
792 4162 902 4212 eiusdem
926 4163 1034 4228 paginae
1060 4162 1152 4213 lineam
1181 4174 1227 4230 η,
1259 4179 1308 4230 qua

87 4247 208 4313 excipitur
224 4247 306 4296 verbis
323 4247 446 4295 humanae
462 4247 636 4299 imbecillitatis.

193 4331 214 4393 4)
230 4333 287 4382 Vox
303 4333 449 4381 conuersatio
466 4349 510 4398 per
527 4349 553 4382 se
571 4335 701 4399 praecipue
721 4335 898 4385 Ecclesiasticis
915 4335 941 4384 in
958 4335 1060 4385 summis
1078 4334 1173 4386 deliciis
1184 4342 1244 4396 erat,
1262 4333 1307 4384 sed
1379 4376 1383 4381 .

85 4424 161 4468 antea
184 4426 209 4466 et
230 4426 318 4483 postea
341 4434 437 4484 semper
462 4419 556 4484 prolatu
574 4436 619 4485 pro
636 4421 688 4469 vita
706 4437 749 4470 seu
766 4421 831 4468 vitae
849 4421 943 4469 ratione
959 4422 1030 4475 simil.
1049 4421 1075 4470 cl
1089 4420 1214 4481 Roensch,
1226 4419 1307 4470 “Itala

86 4522 116 4571 p.
135 4515 193 4566 310,
213 4503 267 4554 Iud.
285 4520 331 4558 scr.
348 4505 417 4559 Eccl.
436 4505 555 4567 vindob,
575 4505 654 4554 lexica
671 4515 717 4559 etc.

191 4592 210 4658 ᾖ)
226 4592 258 4646 cl.
277 4593 415 4655 Woelfflin,
436 4593 604 4658 Sitzungsber.
625 4592 689 4644 1880
707 4608 732 4657 p.
752 4591 801 4655 386
819 4608 839 4646 s.
857 4608 881 4658 q.
