3202 5296
778 418 816 480 18

189 625 256 703 116,
271 642 300 703 4.
332 641 479 706 123,1,7
513 625 561 687 od
591 637 736 707 superna,
770 641 838 707 107,
862 642 910 706 23.
944 640 1013 708 157,
1036 643 1057 704 4
1077 626 1198 707 pedum
1224 628 1313 703 ieno,·
1348 647 1398 689 nu·

185 756 275 799 mero
299 736 451 817 singulari
475 737 677 800 accusativus
707 736 847 799 medium
874 751 949 817 150,
981 753 1035 818 17,
1059 757 1132 800 cum
1161 738 1403 821 praepositioni·

185 847 246 910 bus
282 848 441 910 coniuncti
485 849 655 910 accusativi
686 857 717 911 et
748 848 880 911 ablativi
914 848 1130 922 sescenties.1)
1180 848 1301 911 Vemm
1334 870 1398 912 non

185 967 232 1020 est
254 977 309 1020 cur
331 959 482 1020 miremur
503 958 534 1019 in
557 978 597 1019 eo
609 958 674 1039 'qui
697 976 829 1020 auream
852 978 950 1042 quam
972 969 1091 1022 vocant
1114 958 1292 1021 litterarum
1315 969 1398 1022 aeta·

183 1077 250 1130 tem
284 1088 347 1130 non
381 1065 540 1143 viderit.⁹)
590 1066 796 1150 Quamquam
828 1065 902 1129 illud
933 1089 1101 1130 concavum
1134 1085 1201 1149 133,
1220 1085 1270 1133 21.
1298 1083 1369 1149 150,
1384 1086 1400 1148 3

69 1239 97 1264 ,ι
184 1176 314 1261 (107,9)
337 1198 400 1241 non
424 1186 497 1241 ante
520 1177 615 1240 lVum
637 1178 797 1241 saeculum
823 1180 853 1241 in
877 1178 984 1241 litteris
1008 1189 1159 1262 apparet3
1182 1199 1257 1242 nam
1278 1181 1401 1263 primus

184 1288 332 1351 adhibuit
344 1288 531 1352 Lactantius
550 1288 622 1371 opii.
640 1304 686 1366 10,
704 1305 751 1370 17.
771 1303 849 1368 15,2‚
861 1286 934 1352 dein
949 1287 1096 1352 Prudent.
1112 1316 1146 1356 π.
1160 1311 1245 1374 orep.
1261 1305 1318 1365 10,
1328 1306 1400 1372 977,

184 1399 353 1462 Claudian.
368 1400 547 1462 Mamertus
563 1419 592 1482 p.
610 1416 678 1480 147,
693 1415 711 1480 7
731 1398 914 1482 (Engelbr.)
931 1397 1037 1465 Sidon.
1051 1400 1160 1483 Apoll.
1175 1421 1224 1483 ep.
1237 1401 1265 1475 8,
1286 1419 1315 1481 9,
1329 1401 1370 1467 al.
1380 1399 1402 1484 ³)

285 1510 325 1572 Et
342 1531 382 1573 ne
395 1512 455 1572 hoc
469 1507 598 1594 quidem
611 1545 652 1555 —
664 1512 851 1592 praesertim
865 1530 939 1572 cum
953 1511 1088 1593 analoga
1100 1532 1163 1574 non
1176 1512 1403 1575 invenerim-

183 1621 309 1684 silentio
324 1623 493 1704 praeterire
508 1640 593 1703 queo
609 1620 711 1682 semel
727 1618 935 1706 Anonymum
952 1622 1131 1684 inusitatius
1146 1620 1250 1684 dicere
1257 1633 1403 1702 parvum

183 1732 312 1794 e'nterest
332 1732 415 1794 inter
440 1747 506 1806 111,
521 1744 547 1811 5.
592 1729 741 1793 Fluxisse
763 1733 891 1794 videtur
913 1731 1029 1794 locutio
1052 1752 1092 1794 ex
1115 1731 1169 1794 illo
1191 1729 1230 1794 de
1253 1752 1321 1813 quo
1339 1730 1402 1795 dixi

97 1864 100 1868 ·
184 1839 288 1904 studio
312 1839 467 1904 adiectiva
489 1841 761 1904 substantivomm
785 1862 874 1904 more
896 1840 1083 1925 proferendi.
1129 1842 1257 1905 Etenim
1286 1844 1317 1906 in
1344 1845 1403 1906 hac

183 1948 312 2033 quidem
336 1952 425 2013 verbi
448 1951 578 2013 interest
597 1951 824 2033 significatione
854 1952 907 2015 illa
934 1962 1046 2015 neutra
1073 1973 1156 2035 quae
1183 1954 1403 2034 adiunguntur

185 2069 331 2144 (tantum,
354 2071 516 2143 quantum,
539 2062 624 2124 nihil
641 2066 717 2142 etc.)
740 2084 796 2146 pro
819 2064 1020 2126 nominativis
1044 2065 1147 2146 potius
1169 2064 1275 2126 habeo
1304 2083 1403 2146 quam

185 2193 242 2256 pro
265 2172 437 2248 relationis,
460 2191 556 2253 quam
581 2171 698 2250 dicunt,
721 2176 910 2236 accusativis
934 2171 1073 2237 adverbii
1097 2175 1165 2236 vice
1189 2173 1404 2256 iungentibus.

286 2279 351 2345 Sed
363 2282 446 2345 haec
461 2283 588 2348 leviora.
609 2284 837 2347 Gravissimum
850 2293 958 2348 autem
971 2282 1009 2357 id,
1024 2286 1111 2368 quod
1126 2301 1193 2366 127,
1203 2300 1245 2362 24
1255 2283 1403 2367 legimus:

185 2393 269 2458 nihil
287 2394 505 2475 intemptatum
519 2395 663 2475 facinus,
680 2395 765 2458 nihil
783 2396 931 2458 inausum
954 2397 1170 2478 relinquentes.
1204 2395 1326 2458 Adam.
1345 2413 1362 2477 3
1368 2410 1407 2477 59

186 2503 280 2574 otum
308 2505 411 2572 nonin
441 2503 614 2573 ἀτέλεστον
643 2505 762 2585 αὐτοῖς.
816 2506 864 2569 En
896 2507 982 2570 nihil
1006 2505 1160 2570 adiective
1190 2526 1260 2588 pro,
1280 2478 1405 2568 nhllum

186 2613 376 2678 adhibituml
422 2613 519 2678 Cuius
542 2615 722 2694 locutionis,
746 2636 883 2700 quacum
907 2638 972 2680 nou
995 2619 1069 2681 satis
1092 2626 1165 2700 apte
1197 2616 1406 2680 conferuntur

186 2726 349 2790 aMaiero
385 2746 414 2808 p.
439 2727 457 2788 8
480 2726 565 2788 nihil
591 2726 669 2800 tale,
708 2727 793 2790 nihil
825 2727 998 2809 quidquam
1028 2727 1104 2800 alia,
1146 2747 1244 2790 unum
1274 2729 1306 2789 in
1337 2739 1407 2791 tota

187 2838 341 2900 latinitate
375 2838 503 2900 invenio
539 2838 726 2922 exemplum
759 2835 854 2921 idque
887 2840 989 2920 quarti
1022 2837 1140 2900 saeculi
1177 2846 1266 2920 parte
1303 2838 1406 2902 altera

186 2949 271 3033 apud
294 2947 524 3033 Symmachum
549 2942 597 3030 ep.
620 2947 699 3030 175,
723 2950 778 3012 ubi
800 2959 848 3011 est
870 2948 957 3011 nihil
974 2950 1141 3031 negotium.
1199 2946 1295 3029 Quod
1328 2949 1406 3013 See·

187 3060 276 3122 ckius
301 3061 332 3122 in
358 3061 498 3123 editione
522 3068 651 3122 secutus
672 3058 833 3122 Latinium
861 3060 891 3120 in
913 3058 1009 3121 nihili
1028 3059 1185 3142 negotium
1212 3057 1405 3122 mutandum

187 3191 258 3233 esse
282 3171 410 3232 censuit.
457 3169 576 3233 Verum
599 3170 715 3233 habete
738 3169 858 3232 locum:
884 3167 1032 3245 Quotiens
1052 3170 1134 3232 viris
1162 3169 1296 3231 militiae
1324 3171 1409 3233 notis

187 3281 363 3344 testimonia
396 3280 594 3360 deferuntur,
627 3281 712 3343 decet
739 3292 867 3363 operam
897 3281 1065 3344 verborum
1088 3281 1202 3358 facere
1232 3280 1408 3360 conpendii,

188 3392 264 3472 quia
291 3390 448 3472 nihil(')
476 3392 683 3473 negotium
710 3401 758 3454 est
776 3392 870 3454 rebus
890 3392 1024 3473 cognitis
1045 3391 1223 3453 immorari.
1269 3389 1409 3454 Codices

189 3499 228 3563 ad
251 3522 350 3565 unum
374 3522 488 3565 omnes
510 3503 664 3586 praebent
685 3500 776 3566 nihil.
819 3503 936 3565 Latinii
951 3520 1028 3564 vero
1045 3503 1178 3564 mutatio
1194 3510 1226 3563 et
1242 3501 1409 3565 lenissima

189 3624 236 3674 est
266 3621 297 3676 et
325 3632 419 3675 sensu
450 3610 695 3676 commendatur
730 3612 820 3690 „weil
855 3633 890 3675 es
922 3613 973 3674 ein
1004 3610 1150 3674 Geschttlt
1184 3632 1249 3674 von
1271 3611 1408 3675 keinem

189 3724 301 3786 Werte
324 3725 391 3787 ist.“
438 3725 544 3805 Quare
567 3723 701 3787 fortasse
724 3724 938 3805 Symmachus
967 3743 1096 3806 quoque
1119 3722 1195 3785 vitio
1219 3707 1316 3798 caret,
1339 3741 1408 3805 quo

188 3836 313 3898 laborat
335 3835 535 3917 Anonymus.

295 4039 402 4120 Atque
425 4037 465 4102 de
488 4037 699 4103 adverbiis
723 4040 753 4103 in
777 4041 880 4124 capite
903 4037 989 4122 quod
1012 4039 1153 4121 sequitur
1168 4034 1208 4099 de
1223 4036 1411 4102 elocutione

191 4151 367 4213 accuratius
390 4148 566 4234 disputabo,
596 4171 679 4214 nunc
709 4148 772 4213 duo
801 4161 925 4214 tantum
950 4151 1106 4214 monebo:
1120 4145 1144 4231 4)
1174 4148 1311 4231 primum
1334 4146 1414 4215 ideo

293 4323 312 4383 ¹)
334 4329 389 4384 107,
398 4333 413 4383 3
425 4327 499 4383 prope
515 4321 598 4384 imum,
620 4322 701 4386 113,6
718 4327 794 4384 supra
811 4322 921 4378 medium,
942 4330 1024 4383 114,3
1043 4319 1077 4373 al.
1096 4319 1123 4367 in
1140 4324 1246 4374 acutum,
1268 4327 1365 4381 135,17
1385 4321 1413 4367 in

191 4406 329 4466 rotundum,
353 4417 429 4468 130,4
446 4406 482 4454 ad
495 4407 599 4455 medium
617 4405 647 4456 al.
668 4434 695 4444 -
720 4416 801 4470 115‚4
824 4408 850 4454 in
872 4405 954 4467 medio,
982 4417 1038 4471 133,
1050 4418 1079 4454 21
1106 4405 1132 4451 in
1157 4418 1260 4452 concavo
1282 4409 1413 4466 tamquam

191 4492 218 4538 in
234 4490 331 4553 defosso,
352 4499 449 4552 135,19
468 4491 494 4538 in
512 4491 607 4550 ultimo,
627 4500 711 4554 107,9
729 4506 760 4538 ex
777 4491 856 4540 obdito
874 4496 896 4538 et
912 4505 1022 4547 concavo,
1044 4498 1116 4552 15o‚3
1133 4501 1164 4534 ex
1182 4501 1289 4534 concavo
1306 4486 1339 4538 al.

293 4572 313 4640 ²)
330 4574 385 4636 Qua
402 4574 434 4621 de
451 4590 477 4623 re
496 4574 606 4622 conferas
625 4575 738 4638 exempla
757 4591 772 4623 a
789 4576 920 4638 Draegero
938 4574 949 4621 1
966 4590 991 4638 p.
1010 4584 1042 4637 45
1062 4573 1159 4622 collata.

293 4661 314 4719 ³)
332 4659 362 4708 el.
381 4662 473 4722 Draeg.
494 4660 507 4708 l
525 4675 550 4723 p.
568 4672 609 4719 42.
646 4659 737 4722 Georg.
756 4675 777 4715 s,
793 4676 819 4708 v.

294 4743 317 4809 ⁴)
335 4743 392 4793 Alia
410 4743 466 4793 vide
486 4743 552 4811 apud
571 4744 690 4794 Maierum
707 4760 732 4810 p.
754 4743 792 4796 16.
