3202 5296
658 412 694 470 11

165 616 213 680 At
236 617 298 680 alia
321 635 367 679 ex
386 615 482 678 rebus
504 615 581 697 ipsis
603 615 735 697 collegit
750 621 950 696 argumenta,
966 632 1051 696 quae
1067 611 1203 675 fortasse
1218 610 1278 674 illis

57 739 155 793 erunt
178 729 331 811 graviora.
375 727 425 790 De
448 726 570 789 ratione
593 745 656 809 qua
679 726 739 789 loci
755 724 975 788 Polemoniani
998 724 1039 786 ab
1062 733 1190 786 auctore
1213 722 1278 785 lau·
1325 752 1338 784 ι

58 837 187 915 dantur,
210 859 307 921 supra
319 839 456 901 diximus
467 835 503 921 ¹),
528 857 612 920 quae
635 837 706 900 licet
729 844 802 920 post
818 834 992 918 Apuleium
1009 836 1170 917 scripsisse
1187 836 1278 902 inter·

57 959 188 1032 pretem
218 949 465 1012 luculentissime
494 958 642 1024 testetur,
670 957 779 1012 tamen
802 948 844 1010 ad
867 947 950 1010 saec.
973 945 1061 1025 1va
1084 943 1279 1010 descendere

58 1061 193 1127 minime
215 1062 307 1144 cogit.

160 1170 249 1236 Idem
274 1167 446 1235 dicendum
469 1178 516 1235 est
539 1167 578 1234 de
600 1168 702 1233 forma
723 1169 848 1231 insolita
866 1166 1006 1250 celtus2)
1027 1191 1059 1250 p.
1085 1184 1208 1249 109,14
1230 1168 1279 1231 bis

58 1281 217 1359 adhibita,
253 1302 349 1365 quam
389 1283 489 1346 fateor
511 1280 684 1345 abhorrere
707 1281 750 1344 ab
770 1280 894 1363 optima
916 1279 1089 1355 latinitate,
1121 1298 1175 1342 cur
1201 1300 1280 1342 vero

59 1395 249 1458 familiarem
265 1414 335 1456 esse
351 1412 424 1456 earn
440 1393 568 1456 saeculo
583 1393 696 1473 quinto
711 1390 762 1453 vel
778 1391 907 1452 exeunti
923 1399 1037 1473 quarto
1050 1390 1279 1466 existimemus,

61 1525 124 1568 non
140 1523 307 1586 assequor.
346 1503 495 1566 Ceterum
512 1501 660 1565 facillime
675 1503 811 1564 existere
827 1509 954 1583 poterat
969 1521 1009 1564 ex
1025 1520 1143 1583 graeca
1158 1504 1280 1578 Κελτοί,

61 1635 158 1699 quam
182 1624 219 1678 ut
241 1615 294 1678 alii
316 1615 360 1677 ita
386 1612 598 1677 Adamantius
617 1611 649 1694 (i.
667 1635 694 1676 e.
713 1611 855 1688 Polemo,
880 1610 951 1675 fons
967 1609 1150 1693 Anonymi)
1172 1631 1201 1694 p.
1218 1629 1276 1691 4¹1

59 1728 133 1810 ipse
149 1726 288 1792 exhibet.
386 1764 389 1769 -

119 1842 121 1845 ’
162 1836 212 1901 Ac
236 1856 277 1900 ne
299 1857 339 1899 ea
361 1833 490 1918 quidem
513 1855 596 1919 quae
618 1831 659 1898 de
681 1835 839 1917 opinione,
865 1853 962 1916 quam
993 1834 1089 1896 habet
1116 1833 1158 1895 de
1187 1833 1282 1895 rebus

59 1947 179 2010 divinis
201 1956 322 2025 auctor,
345 1946 467 2027 profert
483 1944 618 2010 Maierus
640 1966 671 2029 p.
690 1961 740 2021 21,
761 1945 868 2026 magni
892 1944 1047 2007 momenti
1070 1953 1153 2006 sunt.
1200 1941 1280 2007 Nam

60 2079 167 2134 exeo,
184 2058 274 2140 quod
295 2057 398 2121 minus
414 2058 574 2121 interdum
596 2055 727 2120 definite
744 2054 938 2137 Anonymus
956 2055 1094 2139 loquitur
1108 2076 1138 2137 p.
1160 2070 1227 2134 129,
1244 2070 1281 2135 17

58 2168 232 2244 alternitas,
266 2184 391 2248 117,19
418 2167 587 2244 divinitus,
629 2165 751 2248 169,2r
784 2166 927 2240 divinus,
962 2179 1029 2246 153,
1048 2181 1062 2246 5
1094 2167 1186 2247 deus,
1217 2187 1281 2230 non

59 2279 271 2343 christianum
288 2277 386 2341 fuisse
408 2280 622 2362 interpretem,
646 2275 700 2342 sed
720 2276 785 2340 hoc
797 2285 922 2340 tantum
940 2277 1129 2358 colligemus
1148 2297 1222 2339 eum
1242 2276 1282 2343 de

60 2389 109 2452 dis
133 2388 200 2451 fere
227 2389 313 2451 idem
337 2389 473 2451 sensisse
495 2409 534 2451 ac
558 2388 665 2450 multis
686 2389 749 2450 iam
767 2395 841 2450 ante
859 2407 934 2450 eum
949 2387 1087 2450 saeculis
1103 2385 1281 2464 Platonem,

62 2497 292 2586 Aristotelem,
322 2497 458 2562 Stoicos
502 2498 726 2582 Paganitatem
755 2498 892 2560 auctoris
918 2514 986 2579 121,
999 2513 1057 2563 20:
1088 2519 1147 2560 non
1174 2499 1215 2560 ab
1237 2499 1282 2560 in-

61 2609 147 2672 iuria
170 2608 335 2673 hommum
356 2609 409 2672 vel
427 2608 593 2672 deorum
615 2608 653 2672 fri
671 2609 754 2672 oculi
766 2609 966 2671 abstinebunt
985 2609 1062 2672 satis
1081 2609 1281 2673 convincunt.

163 2836 231 2903 Sed
253 2838 336 2902 haec
359 2839 520 2902 hactenus.
549 2839 713 2921 Quoniam
736 2849 924 2922 argumenta
939 2842 1077 2923 priorum
1093 2842 1281 2924 quantulum

63 2950 203 3025 valeant,
227 2950 302 3012 satis
326 2947 506 3013 ostendisse
530 2951 605 3012 mihi
620 2949 740 3029 videor,
758 2971 843 3013 nunc
862 2949 935 3033 quid
952 2953 1022 3034 ipse
1038 2950 1078 3014 de
1093 2954 1282 3035 quaestione

61 3080 223 3135 censeam,
247 3059 345 3123 fusius
368 3060 508 3143 proferre
532 3062 562 3122 in
586 3062 693 3124 animo
716 3070 774 3124 est.

162 3287 245 3354 Nihil
272 3291 367 3372 igitur
388 3287 537 3352 subsidiis
567 3291 764 3353 extrinsecus
792 3290 893 3353 allatis
922 3288 1113 3373 proficimus,
1137 3289 1280 3355 seduna

62 3401 126 3465 fere
150 3420 231 3465 ansa
253 3399 294 3464 ad
317 3401 538 3484 quaestionem
562 3400 803 3464 diiudicandam
827 3411 923 3464 restat
945 3420 1051 3464 sermo
1075 3403 1220 3478 auctoris,
1240 3405 1282 3465 ad

63 3513 152 3574 cuius
175 3512 476 3595 pervestigationem
500 3532 539 3574 eo
562 3513 666 3575 acrius
689 3514 903 3595 accingemus,
926 3533 991 3595 quo
1022 3513 1124 3594 magis
1155 3515 1185 3575 in
1214 3515 1282 3576 dies

65 3643 133 3686 cum
164 3621 299 3686 aliorum
329 3631 399 3684 tum
428 3621 606 3686 Woelfflini
639 3624 750 3686 studiis
779 3624 938 3704 clarescit,
963 3644 1046 3708 quae
1076 3625 1191 3687 fuerint
1220 3625 1283 3687 fata

63 3733 193 3816 linguae
217 3733 333 3796 latinae
357 3733 408 3796 vel
431 3744 504 3816 post
526 3742 711 3816 argenteam
735 3744 885 3812 aetatem,
902 3755 981 3818 quas
997 3738 1067 3800 vias
1083 3746 1115 3800 et
1130 3757 1188 3819 per
1204 3755 1283 3818 quas

61 3843 299 3907 vicissitudines
335 3846 539 3927 percurrerit,
568 3845 753 3928 priusquam
782 3847 813 3907 in
842 3847 1022 3910 romanicos
1052 3868 1134 3931 quas
1162 3855 1283 3909 vocant

64 3954 184 4038 linguas
215 3953 354 4017 deflexit.
411 3955 552 4017 Maierus
582 3956 676 4038 igitur
708 3954 795 4039 quod
826 3977 866 4019 ex
900 3959 1056 4020 sermonis
1090 3954 1208 4019 indiciis
1242 3957 1283 4019 de

60 4075 169 4129 aetate
192 4062 386 4128 concludere
402 4076 537 4128 conatus
560 4075 615 4138 est,
640 4044 722 4130 sane
740 4076 827 4129 recte
847 4068 928 4131 fecit.
967 4065 1033 4131 Sed
1049 4068 1101 4130 ille
1122 4067 1283 4130 incohavit

59 4186 186 4239 tantum
210 4195 287 4249 rem,
310 4195 374 4238 non
398 4174 569 4259 expedivit,
593 4198 666 4240 cum
689 4178 814 4241 illorum
839 4180 947 4262 copias
970 4177 1112 4242 nondum
1136 4177 1212 4239 satis
1229 4175 1282 4240 ad·

58 4287 171 4350 hibere
192 4287 341 4368 potuerit,
365 4286 610 4368 argumentandi
634 4310 750 4372 genere
782 4298 902 4366 utatur,
934 4288 1022 4372 quod
1051 4311 1148 4372 saepe
1176 4300 1284 4352 careat

59 4399 111 4461 via
133 4417 173 4460 ac
194 4396 330 4477 ratione,
354 4397 451 4487 libelli
474 4408 620 4463 naturam
643 4400 832 4483 neglexerit.

163 4567 185 4631 ¹)
202 4583 229 4632 p.
248 4566 272 4618 8.
290 4580 316 4630 9.
335 4567 367 4616 cf.
385 4568 471 4624 Maier,
490 4585 515 4632 p.
534 4581 575 4619 22.

161 4653 184 4718 ²)
201 4653 289 4712 Maier,
309 4668 335 4717 p.
354 4666 394 4702 21.
428 4653 507 4701 Celtus
523 4670 615 4705 nomen
633 4658 760 4722 proprium
778 4656 856 4705 semel
873 4658 898 4705 in
918 4657 946 4707 C.
957 4658 975 4710 I.
985 4657 1014 4706 L.
1024 4657 1055 4707 11.
1067 4673 1093 4710 11.
1103 4665 1150 4725 755
1169 4657 1282 4715 occurrit,

54 4740 102 4789 Est
120 4737 210 4789 titulus
228 4736 380 4788 Alcantarae
398 4737 523 4795 inventus.
557 4742 598 4790 De
617 4749 729 4809 tempore
746 4742 781 4794 nil
799 4749 904 4800 constat,
