3202 5296
773 422 811 479 10

287 619 439 704 Namque
459 641 521 706 pro
537 623 713 704 promptius
728 633 760 686 et
774 635 938 706 promptos
960 648 989 708 p.
1009 643 1108 706 133‚2
1131 638 1163 690 et
1190 644 1256 710 153,
1270 647 1319 708 22,
1345 651 1402 713 pro

123 753 132 773 1
185 732 325 814 officiosa
347 754 377 817 p.
406 736 505 814 131,8,
535 755 670 816 quorum
694 735 923 798 vocabulorum
955 738 1004 799 hic
1035 758 1113 800 sane
1143 759 1216 802 usus
1246 743 1402 822 prioribus

185 846 382 926 temporibus
415 844 572 909 inauditus
605 856 699 923 esset,
728 847 913 910 Foersterus
935 849 1078 928 pronius,
1108 860 1232 930 pronos,
1262 854 1403 933 efficacia

186 954 385 1019 scribendum
409 977 480 1020 esse
503 958 610 1020 docet.
620 959 645 1033 1)
688 955 798 1040 Neque
821 959 897 1020 illud
920 959 1002 1021 color
1023 959 1115 1041 niger
1137 934 1266 1045 lenis'p.
1289 978 1358 1043 151,
1372 983 1401 1043 4,

186 1068 273 1148 quod
300 1065 390 1131 affert
419 1067 573 1143 Maierus,
604 1071 817 1152 incorruptum
849 1090 920 1132 esse
954 1068 1086 1133 videtur.
1143 1068 1225 1134 Nihil
1259 1073 1329 1137 dico
1363 1074 1403 1139 de

184 1178 336 1256 barbarie,
353 1197 436 1260 quae
451 1180 531 1242 inest
548 1181 578 1242 in
594 1180 654 1242 hac
671 1182 905 1244 constructione
920 1183 1013 1264 niger
1028 1182 1106 1244 lenis
1116 1210 1159 1237 =
1169 1185 1280 1247 leniter
1297 1187 1402 1268 niger,

185 1310 259 1351 nam
283 1288 384 1353 simile
406 1293 539 1373 praebet
562 1290 753 1373 Anonymus
775 1314 806 1373 p.
834 1309 933 1373 121,3
964 1294 1055 1375 nigri
1081 1295 1141 1374 qui
1165 1297 1237 1357 veri
1262 1306 1293 1357 et
1319 1299 1407 1359 meri

185 1401 364 1474 suntoculi,
398 1403 455 1464 sed
489 1422 593 1484 neque
628 1404 659 1465 in
692 1422 822 1465 sensum
853 1401 988 1485 quadrat
1010 1405 1102 1466 lectio
1125 1426 1230 1487 neque
1255 1408 1285 1469 in
1310 1428 1404 1489 grae·

186 1531 258 1574 cum
275 1510 462 1575 Adamantii
478 1522 508 1576 et
521 1512 883 1595 Pseudo-Potem0n1s2)
905 1515 956 1576 vel
980 1516 1128 1578 arabicae
1151 1519 1307 1579 versionis
1326 1539 1402 1581 con-

185 1632 316 1696 textum,
339 1634 374 1687 ut
397 1625 449 1706 qui
471 1643 583 1686 omnes
607 1624 648 1687 de
671 1643 734 1687 uno
758 1625 848 1705 nigro
872 1622 977 1688 dicant
997 1628 1117 1689 colore:
1143 1624 1259 1690 Adam.
1283 1651 1313 1710 p.
1338 1647 1401 1710 413

186 1732 250 1813 (ed.
274 1733 399 1817 Franz.)
420 1730 470 1800 ’ὅτι
491 1738 633 1819 μέλαινα
656 1733 758 1824 χροιά,
782 1735 832 1799 PS.
854 1735 922 1800 Pol.
945 1759 975 1819 p.
1003 1738 1058 1817 185
1084 1736 1103 1824 ἡ
1128 1741 1270 1821 μέλαινα
1294 1741 1400 1829 χροιά,

186 1844 319 1906 similem
343 1847 372 1907 in
398 1847 529 1909 modum
546 1847 662 1911 Arabs.
702 1845 800 1909 Adde
822 1844 909 1929 quod
931 1849 1026 1909 etiam
1050 1847 1117 1910 aliis
1140 1850 1215 1910 locis
1231 1851 1346 1932 quibus
1363 1848 1403 1914 de

185 1955 232 2016 liis
255 1956 333 2038 nigri
356 1955 469 2019 coloris
492 1954 612 2019 indiciis
635 1958 699 2039 agit
722 1967 840 2032 auctor,
869 1956 1009 2019 colorem
1034 1957 1084 2019 vel
1108 1961 1238 2041 nigrum
1262 1961 1404 2043 appellat

184 2086 216 2147 p.
243 2083 399 2147 113.1sq.
423 2067 474 2129 vel
497 2065 610 2130 diserte
632 2068 722 2149 nigri
742 2068 800 2148 qui
818 2069 890 2130 veri
909 2077 940 2129 et
959 2070 1042 2130 meri
1062 2080 1136 2131 sunt
1151 2069 1223 2131 dicit
1240 2091 1269 2153 p.
1292 2087 1360 2147 121,
1375 2089 1402 2151 3.

185 2175 281 2238 Ortus
304 2186 411 2240 autem
435 2176 558 2241 videtur
573 2178 742 2241 Foerstero
766 2178 870 2240 iudice
894 2197 980 2240 error
1002 2178 1127 2260 syllaba
1149 2179 1197 2240 len
1213 2180 1289 2246 olim
1306 2200 1404 2244 voca·

185 2286 261 2349 bulo
284 2291 429 2371 sequenti
451 2309 508 2372 pro
531 2289 666 2352 lectione
688 2289 776 2351 varia
800 2289 1022 2371 superscripta.

285 2397 370 2460 Tum
395 2419 470 2461 vero
492 2420 608 2462 acum
632 2399 693 2462 abl.
724 2420 780 2483 pro
810 2399 873 2461 abl.
898 2398 1029 2480 simplici
1051 2418 1081 2481 p.
1109 2400 1177 2478 l37,
1195 2414 1240 2479 17.
1278 2402 1347 2479 156,
1363 2419 1404 2482 27

145 2582 149 2594 Ι
186 2507 280 2570 etiam
289 2511 425 2578 occurrit
437 2509 523 2593 apud
534 2511 722 2573 Frontinum
731 2509 949 2593 ³),plurirnmn
962 2517 1123 2570 reseratus
1133 2506 1223 2591 (corr.
1237 2508 1404 2590 Foerster)

185 2639 216 2700 p.
236 2621 304 2699 158,
316 2638 338 2700 9
348 2619 581 2683 similitudinem
595 2622 690 2682 habet
707 2622 738 2682 in
752 2620 868 2700 Gargili
881 2620 1034 2681 Martialis
1041 2620 1222 2699 plurimum
1228 2621 1404 2705 fernenS,4)

178 2738 354 2808 personam
385 2751 442 2814 pro
465 2731 589 2792 homine
606 2752 637 2812 p.
651 2746 748 2810 109,1
777 2732 838 2792 iam
863 2730 996 2812 praebet
1008 2728 1207 2808 Iuvenalis,⁵)
1230 2728 1302 2792 dein
1326 2732 1404 2795 Sue-

185 2841 292 2902 tonius
305 2840 329 2924 ⁶)
353 2839 456 2924 Quid?
478 2843 554 2922 quia
566 2851 598 2903 et
610 2841 696 2922 quod
713 2839 942 2925 particularum
966 2850 1038 2920 post
1068 2840 1167 2902 verba
1190 2841 1349 2902 sentiendi
1372 2852 1405 2905 et

186 2950 369 3015 declarandi
398 2973 491 3016 usum
522 2952 768 3035 frequentiorem
800 2953 859 3014 etsi
890 2951 1050 3032 Apuleius
1082 2952 1214 3032 respuit,
1244 2962 1355 3012 tamen
1387 2974 1405 3015 a

185 3063 268 3124 tertii
285 3063 406 3125 saeculi
422 3062 574 3126 latinitate
591 3061 760 3126 abiudicari
776 3082 840 3125 non
857 3081 951 3144 posse
971 3061 1034 3123 alio
1054 3060 1126 3123 loco
1143 3063 1404 3126 monstrabimus

286 3173 475 3253 inoffensum
504 3172 644 3254 denique
672 3173 793 3235 vultum
816 3193 845 3255 p.
873 3187 996 3252 107,19
1024 3192 1087 3234 non
1120 3190 1194 3233 cum
1218 3170 1341 3233 Maiero
1372 3195 1405 3254 p.

189 3299 221 3343 11
249 3280 313 3365 (2ο)
337 3303 410 3345 eum
434 3285 684 3367 interpretamur,
707 3284 765 3363 qui
785 3304 844 3343 non
867 3281 982 3358 lurdat,
1005 3280 1152 3360 offendat,
1176 3281 1245 3355 sed,
1268 3290 1304 3342 ut
1319 3283 1406 3344 bene

186 3413 258 3455 curn
281 3395 360 3456 lem's
381 3404 412 3456 et
434 3394 537 3456 riollr's
565 3395 712 3457 concinat
740 3412 846 3476 neque
874 3394 914 3454 ab
944 3392 1065 3454 usitato
1095 3410 1192 3452 sensu
1221 3390 1405 3468 abhorreat,

88 3484 91 3489 ⁴
186 3523 260 3566 eum
289 3506 414 3568 vultum
445 3507 498 3588 qui
529 3526 592 3567 non
623 3505 709 3587 mgis
739 3504 829 3586 quasi
859 3505 1050 3584 interruptus
1080 3502 1117 3562 sit
1151 3503 1168 3563 i.
1200 3523 1227 3564 e.
1251 3501 1406 3579 liveriis)

181 3625 299 3697 gratus
320 3629 429 3678 autem
452 3639 482 3699 p.
511 3633 578 3696 123,
596 3616 633 3677 16
654 3617 698 3678 ita
720 3634 784 3676 non
800 3616 818 3677 i.
835 3636 866 3696 q.
882 3613 1040 3692 dedi'tusss)
1057 3612 1224 3693 significat,
1242 3623 1275 3672 ut
1291 3623 1407 3675 contra

189 3747 306 3807 graeca
336 3747 432 3810 quam
465 3728 698 3790 accuratissime
726 3726 894 3808 exprimat:
919 3746 950 3806 p.
978 3738 1093 3802 123,15
1117 3716 1227 3784 verieri
1245 3732 1276 3783 et
1298 3726 1410 3785 arnori

183 3847 297 3918 gratos
311 3865 352 3891 =
368 3836 486 3902 Adam.
510 3858 539 3921 p.
565 3854 645 3917 340:
668 3836 776 3927 χάριτι
799 3847 855 3902 καὶ
878 3831 1033 3925 α’φροόίτῃ
1056 3836 1152 3918 φίλοι.

289 3973 376 4038 ¹1llb·
395 3991 421 4039 r·
441 3976 496 4038 585·
517 3974 574 4037 578·

288 4059 309 4122 ²)
328 4059 465 4124 Scriptores
483 4057 722 4124 physiognomoniae
740 4064 836 4104 veteres
858 4054 924 4106 edid.
944 4055 1068 4109 Francius,
1088 4052 1236 4114 Altenburgi
1258 4050 1330 4111 1780.
1367 4054 1408 4100 De

187 4161 290 4209 quorum
309 4145 458 4194 condicione
476 4144 506 4193 cl.
525 4161 549 4208 p.
571 4157 609 4192 12.

288 4229 309 4293 ³)
330 4231 435 4290 Strateg,
453 4229 485 4292 ΙΙ,
503 4241 566 4291 4‚9:
585 4226 760 4274 consternatio
777 4225 906 4276 mendacio.

286 4314 308 4377 ⁴)
327 4315 394 4365 edid.
412 4315 443 4367 V.
463 4314 529 4361 Rose
547 4314 606 4376 Lps.
628 4311 690 4375 1875
709 4328 733 4376 p.
756 4312 810 4368 162,
832 4319 870 4372 15.

248 4421 250 4425 ·
289 4401 310 4459 5)
330 4400 457 4452 Satir.lV
478 4407 515 4461 15.

290 4481 310 4548 6)
327 4484 397 4532 Nero
419 4497 438 4532 1.

291 4570 311 4633 ⁷)
328 4569 359 4617 ad
372 4570 438 4632 quod
451 4568 564 4618 conferas
576 4567 666 4617 Taciti:
680 4567 822 4628 inofflnsum
834 4567 884 4623 iter,
892 4565 1000 4630 Vergili:
1015 4578 1080 4613 mare
1092 4563 1252 4624 irroffrnsum,'
1272 4563 1411 4617 Martialis:

191 4655 232 4701 viu
251 4655 375 4717 inofflnsu,

291 4739 312 4804 ⁸)
332 4740 419 4802 Maier,
439 4756 464 4803 p.
483 4752 506 4803 9,
519 4751 558 4787 20.
