3202 5296
780 417 818 480 19

695 507 897 515 ———

182 649 256 691 esse
280 627 473 713 peculiarem
497 625 638 689 adverbii
654 627 765 708 primo
788 645 890 699 usum,
914 624 1002 706 quod
1027 644 1153 708 semper
1175 644 1232 709 pro
1256 623 1404 705 primum

184 736 364 813 adhibetur,
383 739 572 800 adverbium
588 746 696 799 autem
706 738 852 817 primum
868 734 962 818 plane
975 754 1039 796 non
1052 742 1155 799 extat:
1175 748 1243 813 105,
1257 749 1285 814 7.
1306 750 1373 812 121,
1387 750 1405 795 2

174 849 288 930 primo
310 849 422 931 igitur,
449 848 545 923 106,1
567 848 676 928 primo
697 844 933 929 egitur-deinde,
960 844 1059 920 162,6
1077 864 1158 907 nunc
1178 853 1282 906 autem
1297 845 1407 925 primo

184 958 352 1020 dicendum
367 967 421 1031 est,
442 973 509 1033 110,
528 975 565 1037 19
571 955 926 1038 prime-secundetertie
942 955 994 1038 (cf.
1016 971 1083 1035 109,
1100 970 1137 1016 10
1144 955 1410 1034 prime-processu

183 1069 489 1149 tempores-tertium,
525 1070 614 1150 quod
644 1068 710 1131 iere
733 1065 1067 1150 significatinz'tzu11).
1123 1066 1252 1128 Deinde
1286 1066 1408 1128 adnoto

185 1177 415 1242 adverbiorum
449 1178 635 1241 intrinsecus
664 1187 697 1241 et
716 1179 900 1257 formsecus
921 1195 1014 1239 usum
1038 1196 1103 1238 non
1127 1177 1303 1240 consentire
1333 1196 1406 1239 curn

186 1292 347 1353 bonorum
382 1298 550 1351 auctorum
586 1286 824 1353 consuetudine.
880 1285 961 1350 Nam
984 1287 1170 1349 intrinsecus
1194 1308 1223 1370 p.
1252 1303 1325 1366 121,
1363 1302 1408 1349 12.

188 1400 309 1479 126,21
348 1397 486 1482 quidem,
522 1410 555 1461 ut
588 1399 633 1474 fit,
669 1399 824 1479 significat
854 1400 887 1460 in
918 1397 1067 1460 interiere
1084 1407 1190 1478 parte,
1221 1399 1276 1459 sed
1311 1412 1406 1479 107,5

186 1511 365 1573 inusitatius
388 1510 570 1572 interrorem
585 1519 716 1591 partem
739 1531 858 1583 versus,
882 1511 969 1572 cuius
992 1508 1159 1571 locutionis
1181 1508 1331 1591 exempla
1346 1528 1410 1570 non

186 1621 297 1683 habeo
320 1622 376 1682 nisi
399 1618 479 1682 haec
504 1619 585 1684 duo:
610 1619 743 1684 Suetou.
768 1619 855 1702 Aug.
872 1634 929 1700 953
950 1618 1027 1682 Plin.
1045 1627 1110 1681 nat.
1126 1618 1199 1681 hist.
1216 1616 1270 1695 XI,
1295 1620 1344 1697 38,
1359 1633 1410 1699 73.

186 1730 254 1793 larn
269 1731 452 1810 forinsecus
477 1748 599 1810 121,13
623 1731 765 1814 legitime
787 1752 847 1815 pro
871 1752 947 1806 ,von
964 1737 1087 1794 aussen‘
1108 1730 1316 1812 usurpatur,²)
1350 1730 1408 1791 sed

190 1858 258 1922 133,
276 1844 312 1904 18
317 1843 499 1921 forinsecus
509 1841 641 1904 excedat
654 1840 784 1916 (Adam.
803 1859 865 1923 399
879 1839 1028 1930 προέχω)
1044 1849 1076 1903 et
1097 1854 1165 1921 154,
1180 1855 1217 1920 25
1229 1840 1411 1919 forinsecus

185 1952 346 2014 conversis
382 1954 534 2015 audacius
564 1951 682 2015 dictum
717 1974 787 2016 esse
820 1952 944 2016 videtur
991 1973 1048 2035 pro
1075 1953 1185 2032 foras.
1241 1939 1410 2014 Verum's.

187 2061 326 2125 Maierus
354 2084 383 2146 p.
414 2079 450 2144 17
473 2061 658 2126 adverbium
690 2065 733 2126 sic
761 2064 803 2126 ab
825 2063 963 2147 Apuleio
986 2062 1055 2125 solo
1078 2064 1214 2147 positum
1246 2082 1316 2124 esse
1340 2081 1411 2123 con-

188 2169 300 2246 tendit,
324 2169 408 2234 addo
439 2171 542 2236 Solini
573 2174 677 2236 locum
701 2174 808 2254 11203
841 2172 929 2237 Cael.
952 2171 1030 2237 Aur.
1063 2171 1140 2237 tard.
1162 2171 1191 2235 11
1217 2190 1243 2254 1,
1260 2189 1293 2254 73
1316 2170 1410 2236 Oros.

187 2281 364 2364 114,12.³)

293 2513 415 2594 Quarto
445 2514 518 2576 loco
549 2513 646 2576 fusius
677 2511 848 2576 dicendum
883 2514 942 2576 erit
974 2515 1032 2576 de.
1050 2515 1411 2599 praepositionum

188 2624 450 2705 proprietatibus,
475 2642 560 2706 quae
582 2621 622 2686 ad
639 2623 954 2707 physiognomoniae
971 2633 1101 2707 tempus
1116 2623 1292 2689 eruendum
1313 2645 1410 2708 quam

189 2735 336 2796 maxime
359 2732 496 2798 idoneae
520 2744 601 2797 sunt.

293 2861 378 2924 Inter
400 2881 453 2924 eas
476 2864 613 2944 primum
635 2883 720 2944 quae
743 2865 960 2927 accusativum
991 2873 1114 2948 regunt,
1145 2865 1339 2948 praepositio
1369 2864 1417 2926 ad

189 2992 266 3036 cum
290 2971 360 3034 aliis
383 2973 458 3034 locis
482 2973 659 3049 adhibetur,
682 2983 750 3036 turn
775 2976 806 3036 in
828 2975 969 3038 rectione
986 2975 1168 3037 verborum.
1213 2975 1265 3037 De
1287 2985 1412 3055 respen-

189 3083 267 3146 dere
297 3083 345 3144 ad
374 3097 446 3162 154,
481 3099 521 3162 23
554 3083 627 3146 nihil
652 3103 784 3165 moneo;
822 3084 955 3147 fortasse
977 3105 1017 3147 ne
1040 3085 1193 3165 respicere
1215 3084 1263 3146 ad
1280 3081 1410 3168 quidem

194 3209 264 3273 130,
279 3208 343 3273 25.·
364 3193 475 3273 16o,9.
507 3194 574 3273 164,
589 3209 628 3275 27
663 3196 820 3258 bonorum
854 3196 1044 3278 scriptorum
1077 3215 1210 3259 normae
1243 3206 1411 3280 repugnat3

189 3306 250 3368 sed
273 3306 471 3386 inquinatam
494 3306 557 3367 iarn
588 3306 776 3369 latinitatem
808 3305 944 3389 produnt
973 3307 1042 3370 illa:
1076 3320 1172 3388 151,1
1203 3308 1339 3388 accipere
1367 3307 1415 3369 ad

191 3420 248 3493 (=
270 3414 318 3492 in)
341 3415 462 3476 malam
475 3424 601 3495 partem
614 3416 748 3493 (Adam.
760 3433 823 3497 432
845 3417 881 3484 cd
904 3419 940 3484 δὲ
962 3418 1111 3486 ἐναντίον
1132 3419 1245 3499 κακόν)
1267 3429 1298 3481 et
1322 3438 1410 3502 prae·

190 3527 284 3607 cipue
305 3524 372 3602 146,
386 3542 402 3605 3
418 3526 544 3588 studere
559 3527 606 3588 ad
609 3526 856 3607 pulcritudinem
872 3526 921 3609 (ci.
941 3527 1008 3600 168,
1021 3543 1039 3608 7
1050 3528 1260 3608 pulcritudini
1268 3528 1408 3610 studens)

193 3633 328 3715 (Adam.
351 3651 412 3713 422
436 3633 662 3728 ἁβρύνονται).
717 3638 801 3700 Nam
834 3638 919 3720 prior
947 3637 1001 3700 illa
1030 3638 1161 3715 locuti0,
1197 3658 1281 3721 quae
1303 3659 1409 3702 saecu-

192 3746 296 3808 lorum
335 3745 430 3830 longa
462 3748 543 3810 serie
579 3747 704 3831 signata
741 3749 833 3830 quasi
874 3757 940 3811 erat
977 3757 1008 3811 et
1044 3749 1253 3813 corroborata
1289 3750 1341 3827 ita,
1375 3759 1410 3812 ut

190 3853 276 3919 aliud
300 3855 434 3919 verbum
458 3858 522 3920 alio
544 3860 658 3921 muniri
681 3857 873 3943 defendique
895 3856 1066 3936 videretur,
1089 3860 1161 3923 talis
1192 3858 1260 3923 dico
1292 3860 1409 3924 locutio

189 3971 214 4030 si
231 3975 384 4044 mutatur,
409 3971 602 4051 aegrotantis
619 3969 744 4052 linguae
760 3979 793 4033 et
810 3968 984 4033 dissolutae
1000 3968 1085 4033 haud
1105 3973 1304 4054 spernendus
1320 3973 1409 4034 testis

188 4087 249 4141 est.
293 4074 406 4160 Neque
437 4079 572 4142 alterurn
602 4079 676 4143 illud
704 4081 830 4144 studere
851 4080 899 4143 ad
924 4082 964 4144 ab
993 4081 1058 4144 ullo
1081 4085 1167 4145 bono
1196 4083 1349 4167 scriptore
1378 4084 1408 4144 in

188 4185 334 4252 medium
357 4189 522 4273 profertur,
546 4193 688 4256 manavit
710 4201 820 4257 autem
836 4213 877 4256 ex
893 4193 1005 4257 latiore
1022 4189 1264 4276 praepositionis
1279 4193 1408 4270 eduen,

295 4399 313 4467 1)
330 4403 414 4465 uana,
433 4403 504 4454 rurs.
524 4384 564 4452 1v¹
580 4404 630 4467 5⁶0
647 4418 686 4469 sq.

295 4486 316 4553 ²)
332 4487 418 4546 Hand,
435 4490 459 4537 11
478 4500 534 4551 704.

292 4572 314 4638 ³)
324 4572 390 4635 soris
410 4583 506 4638 152,17
529 4575 601 4636 (fieris
621 4579 681 4621 sunt
701 4579 724 4621 rt
743 4574 779 4622 ud
796 4589 868 4623 aures
892 4576 1038 4639 conuersae),
1062 4575 1130 4641 quod
1156 4592 1201 4640 pro
1211 4575 1285 4637 foras
1302 4575 1408 4624 Maierus

186 4676 213 4725 p.
236 4669 265 4720 17
285 4658 383 4722 accipit,
402 4659 490 4708 melius
508 4675 552 4709 sua
570 4667 594 4709 et
612 4660 712 4724 propria
732 4660 756 4708 vi
773 4659 915 4725 explicatur,
933 4660 953 4709 si
965 4675 1016 4709 non
1028 4661 1060 4709 ad
1072 4675 1197 4709 cerumar
1208 4661 1345 4719 referimus,
1363 4661 1407 4709 sed

185 4744 351 4795 coniunctum
368 4758 424 4795 cum
441 4750 501 4794 sunt
516 4745 717 4812 interpretamur:
738 4745 869 4807 ,drausseu
887 4745 976 4795 stehen
993 4746 1069 4798 uud“.

1206 4847 1235 4906 2.
